1596 2643
116 91 163 128 72
539 106 676 132 ORATIO
705 107 778 132 PRO
807 108 839 136 Q.
867 107 1035 132 LIGARIO.

190 204 318 254 Itaque
340 205 452 242 ‘num
469 206 535 243 tibi
554 207 677 244 videor
695 208 732 243 in
752 221 858 244 causa
877 207 1009 258 Ligarii
1029 221 1101 245 esse
1123 210 1339 258 occupatus?
1365 214 1456 246 num

113 268 158 304 de
179 269 253 318 ejus
271 269 364 306 facto
383 270 524 307 dicere?
579 271 765 320 Quidquid
788 271 871 317 dixi,
892 271 962 309 ⁶ad
989 285 1102 308 unam
1130 285 1312 308 summam
1340 272 1455 309 referri

111 331 191 368 volo
208 331 266 368 vel
284 331 528 379 humanitatis,
542 333 599 369 vel
615 333 825 380 clementiae,
840 334 897 371 vel
915 334 1177 372 misericordiae.
1225 339 1283 371 30.
1312 335 1456 380 Causas,

112 393 241 440 Caesar,
262 394 344 444 ⁷egi
370 394 513 440 multas,
533 400 570 431 et
588 395 740 444 quidem
768 401 901 443 tecum,
922 397 1010 433 dum
1029 402 1066 434 te
1085 397 1122 433 in
1139 397 1214 434 soro
1232 398 1346 434 tenuit
1370 396 1457 433 ratio

110 455 289 493 honorum
309 462 479 503 tuorum3
507 462 601 494 certe
620 470 809 508 nunquam
827 458 896 501 hoc
915 459 1046 496 modo:
1079 459 1266 506 {qnos-cite,
1284 459 1427 506 judices
1439 471 1455 504 ,·

111 519 246 554 erravit
258 531 274 564 ;
304 519 430 566 lapsus
449 524 499 554 est
510 531 526 565 ,·
555 532 627 555 non
647 521 826 567 putavit:
855 520 909 556 θεέ
929 534 1095 568 unquam
1112 522 1274 568 posthac.
1328 521 1456 571 ‘’Apud

111 586 297 631 parentem
316 581 365 617 sic
384 581 444 631 agi
463 581 573 618 solet:
602 582 651 618 ad
664 582 813 632 judices,
831 582 1033 631 AVonfecz't,
1052 582 1127 619 non'
1143 583 1340 630 coyitavit;
1358 583 1457 631 fal-³⁹12

113 649 222 689 testes,
243 644 378 691 fictum
407 645 550 681 crimen.
614 645 684 682 Dic
711 650 757 692 te,
786 645 915 692 Caesar,
944 647 989 683 de
1015 646 1110 683 facto
1136 646 1268 696 Ligarii
1293 646 1457 696 judicem

110 717 206 741 esse:
235 706 368 755 quibus
386 706 423 742 in
442 707 615 756 praesidiis
634 707 751 753 fuerit,
770 720 902 757 quaere.
948 708 1085 754 Taeeo;
1106 709 1187 744 ¹⁰ne
1207 708 1285 744 haec
1304 708 1455 757 quidem

111 767 250 817 colligo,
269 782 351 818 quae
371 769 514 806 fomaffie
534 770 692 806 valerent
711 770 821 807 etiam
841 771 939 820 apud
955 771 1139 820 judicem;
1167 774 1185 790 ‘⁴
1197 770 1355 821 Legatus
1373 776 1456 808 ante

110 830 248 867 bellum
269 832 293 848 ¹¹
305 832 490 881 profectus
509 832 650 870 relictus
671 833 707 869 in
727 846 826 883 pace,
845 833 939 870 bello
958 846 1154 883 oppressuS‚
1173 833 1210 869 in
1230 847 1273 870 eo
1290 823 1366 883 ipso
1381 846 1456 870 ⁴non

111 894 271 940 acerbus,
290 900 387 931 totus
415 895 536 932 animo
563 909 604 932 ac
631 896 748 933 studio
775 897 892 933 tuus.''
945 897 1007 933 Ad
1021 897 1181 946 judicem
1201 897 1252 933 sic
1270 897 1328 946 agi
1347 896 1457 942 solet3

109 957 175 993 sed
194 970 263 1006 ego
283 957 309 974 ¹²
320 958 367 994 ad
395 963 583 1007 parentem
603 958 750 1008 loquor:
778 959 926 1005 Erravit,
944 964 1080 996 temere
1099 959 1191 1005 fecit,
1211 959 1382 1009 poenitet:
1410 959 1457 995 ad

111 1019 340 1056 elementiam
369 1026 471 1057 tuam
499 1021 674 1071 confugio,
695 1021 814 1058 delicti
833 1022 976 1058 veniam
1003 1027 1108 1072 peto3
1136 1027 1177 1058 ut
1198 1022 1368 1072 ignoscaS,
1387 1034 1458 1058 oro.

111 1082 148 1119 Si
174 1095 285 1119 nemo
311 1083 527 1133 impetravit,
549 1083 812 1134 ”arrogantem
839 1084 866 1120 si
895 1084 1053 1134 plurimi,
1072 1090 1113 1121 tu
1138 1085 1236 1121 idem
1263 1084 1314 1121 fer
1340 1096 1457 1134 opem,

111 1144 173 1194 qui
192 1158 294 1195 spem
315 1145 454 1182 dedisti.
510 1150 569 1183 31.
596 1147 658 1183 An
685 1147 850 1196 sperandi
878 1146 1020 1196 Ligaiio
1047 1160 1155 1183 causa
1178 1159 1250 1183 non
1267 1146 1321 1192 sit,
1342 1159 1456 1196 quum

112 1208 138 1225 ²⁴
149 1208 238 1244 mihi
259 1209 359 1258 apud
377 1214 413 1245 te
427 1209 525 1246 locus
543 1209 587 1245 sit
601 1210 712 1246 etiam
733 1223 796 1259 pro
815 1209 924 1246 altero
935 1210 1175 1259 deprecandi?
1223 1209 1457 1259 Quamquam

110 1283 230 1320 neque
248 1271 285 1307 in
304 1271 373 1308 hac
393 1272 550 1308 oratione
570 1285 650 1322 spes
669 1277 723 1309 est
741 1272 854 1322 posita
875 1285 1003 1319 eausae,
1021 1286 1090 1309 nec
1107 1272 1144 1308 in
1166 1286 1291 1309 eorum
1319 1272 1458 1318 studiis,

111 1334 175 1384 qui
195 1347 216 1370 a
235 1339 268 1370 te
288 1347 352 1384 pro
371 1334 515 1384 Ligario
532 1340 671 1384 petunt,
691 1335 744 1371 tui
763 1335 959 1372 necessarii.

189 1396 256 1433 XI.
313 1397 420 1433 'Vidi
447 1397 544 1433 enim
572 1402 607 1434 et
635 1398 794 1446 cognovi,
824 1398 911 1447 quid
939 1398 1098 1434 maxime
1126 1404 1311 1447 spectares,
1341 1410 1457 1447 quum

109 1472 174 1509 pro
202 1459 347 1509 alicujus
375 1459 486 1496 salute
515 1460 619 1496 multi
648 1459 870 1497 laborarent:
908 1473 1032 1497 causas
1061 1460 1160 1510 apud
1187 1466 1223 1496 te
1250 1460 1457 1509 rogantium

111 1521 357 1572 ²gratiosiores
387 1535 460 1558 esse
493 1535 605 1572 quam
634 1522 777 1559 vultus:
817 1535 935 1573 neque
967 1528 1003 1559 tc
1032 1528 1202 1572 spectare,
1231 1516 1342 1572 quam
1374 1528 1460 1559 tuus

111 1590 202 1621 esset
222 1585 438 1621 necessarius
457 1585 494 1629 is,
516 1585 577 1635 qui
598 1590 634 1622 te
653 1590 777 1630 oraret,
797 1585 860 1622 sed
888 1598 999 1635 quam
1029 1585 1129 1630 illius,
1149 1598 1213 1634 pro
1231 1598 1304 1634 quo
1324 1585 1459 1621 labora-

110 1653 173 1684 ret.
228 1648 376 1698 ³Itaque
396 1648 522 1685 tribuis
539 1654 579 1684 tu
600 1648 749 1698 quidem
779 1649 850 1684 tuis
877 1649 925 1684 ita
954 1648 1080 1694 multa,
1100 1654 1142 1684 ut
1166 1648 1254 1683 mihi
1285 1647 1460 1684 beatiores

110 1711 160 1748 illi
179 1712 366 1748 videantur
384 1711 578 1757 interdum,
597 1711 659 1761 qui
678 1718 743 1748 tua
761 1711 974 1748 liberalitate
992 1711 1163 1756 fruantur,
1183 1723 1295 1760 quani
1315 1716 1355 1746 tu
1375 1710 1459 1760 ipse,

113 1774 175 1825 qui
194 1774 261 1810 illis
280 1780 356 1810 tam
375 1774 491 1810 multa
511 1775 694 1811 concedas.
749 1774 823 1811 Sed
850 1774 956 1811 video
983 1780 1106 1810 tamen
1134 1774 1233 1823 apud
1260 1780 1295 1810 te
1324 1786 1459 1819 causas,

111 1841 154 1873 ut
181 1836 265 1882 dixi,
285 1836 399 1873 valere
429 1836 510 1886 plus
541 1849 654 1886 quam
685 1849 817 1886 preces,
848 1836 896 1873 ab
925 1836 1040 1886 iisque
1070 1841 1104 1872 te
1134 1836 1268 1872 moveri
1301 1836 1459 1872 maxime

111 1913 267 1951 quorum
286 1899 526 1950 justissimum
547 1900 669 1936 videas
689 1899 849 1936 dolorem
867 1899 904 1935 in
923 1899 1089 1949 petendo.
1145 1903 1204 1935 32.
1232 1898 1271 1934 In
1294 1899 1338 1941 Q.
1358 1898 1460 1947 Liga-

112 1964 163 2000 rio
181 1962 434 2009 conservando,
453 1962 577 1998 multis
595 1967 636 1998 tu
655 1962 802 2012 quidem
832 1967 977 2011 gratum
1007 1961 1113 1998 facies
1140 1961 1344 1998 necessariis
1368 1961 1460 2008 tuis,

111 2026 177 2063 sed
194 2025 273 2071 hoc,
295 2037 428 2075 quaeso,
447 2025 639 2070 considera,
659 2024 671 2041 ⁴
685 2025 783 2075 quod
801 2024 900 2061 soles.
953 2024 1109 2061 Possum
1135 2024 1342 2061 fortissimos
1360 2024 1459 2069 viros,

112 2089 274 2134 Sabinos,
305 2088 390 2125 ⁵fibi
422 2087 698 2138 probatissimos,
730 2092 923 2137 totumque
956 2100 1085 2137 agrum
1117 2087 1304 2133 Sabinum,
1335 2087 1457 2124 florem

113 2152 236 2197 Italiae,
256 2151 364 2188 robur
382 2151 431 2188 rei
459 2151 610 2201 publicae
638 2163 843 2201 proponere.
896 2150 1000 2187 Nosti
1021 2150 1157 2200 optime
1176 2149 1362 2187 homines:
1389 2149 1449 2185 ani

113 2215 300 2251 madverte
332 2214 464 2251 horum
497 2214 660 2251 omnium
699 2213 906 2250 maestitiam
939 2219 976 2249 et
1007 2213 1178 2250 dolorem.
1247 2212 1258 2229 ⁶
1270 2212 1392 2262 Hujus
1423 2211 1453 2247 T

113 2276 276 2323 Brocchi,
296 2277 341 2314 de
370 2290 444 2327 quo
471 2290 543 2314 non
570 2277 698 2314 dubito
726 2276 816 2327 quid
845 2276 1035 2321 existimes,
1055 2275 1233 2313 lacrimas·
1246 2274 1458 2325 squalorem-

113 2351 185 2388 que
215 2339 325 2389 ipsius
355 2344 391 2377 et
417 2339 478 2376 filii
502 2339 614 2377 vides,
677 2343 737 2376 33.
765 2338 864 2383 Quid
891 2339 937 2376 de
964 2338 1132 2376 fi‘atiibus
1160 2338 1305 2376 dicam?
1365 2335 1461 2381 Noli,
