1571 2651
103 140 175 173 100
491 148 627 174 οκΑτῐο
656 149 728 174 Pno
758 148 852 174 LEGE
880 148 1053 176 imnum.

101 251 267 298 venerint,
300 255 340 288 ut,
367 264 439 288 non
466 252 575 289 modo
607 265 735 288 manus
767 252 854 288 tanti
886 252 1068 299 exercitus,
1086 252 1151 289 sed
1178 265 1223 288 ne
1251 251 1439 301 vestigium

100 314 247 362 quidem
268 314 436 364 cuiquam
458 319 585 363 pacato
613 315 772 351 nocuisse
793 315 956 352 dicatur?
1008 316 1092 352 Jam
1120 328 1211 360 vero,
1232 314 1440 364 ”quemad-

99 377 251 413 modum
272 376 400 412 milites
418 376 620 422 hibernent,
637 377 793 426 quotidie
813 390 993 414 sermones
1014 391 1055 414 ac
1074 378 1183 414 litcrae
1198 378 1439 427 perferuntur}

99 451 170 475 non
199 439 316 483 modo⁷
340 439 364 454 ¹⁴
380 445 418 474 ut-
444 444 628 487 sumptum
656 439 762 475 faciat
788 439 824 474 in
856 439 1019 485 militem,
1048 440 1179 476 nemini
1208 440 1258 475 vis
1287 438 1439 484 atlertur,

99 502 163 537 sed
202 514 245 537 ne
275 501 430 550 cupienti
459 501 608 549 quidem
637 501 807 550 cuiquam
839 502 1066 550 permittitur.
1121 502 1298 538 ²⁵Hiemis
1335 501 1440 546 enim,

102 575 169 599 non
190 563 346 599 avaritiae
362 563 564 612 peit'ugium
587 563 736 613 majores
755 564 865 600 nostri
878 563 913 599 in
928 564 1104 600 sociorum
1120 569 1227 613 atque
1242 563 1441 600 amicorum

100 626 199 662 tectis
219 639 293 662 esse
315 626 508 663 voluerunt.

180 689 281 726 XIV.
338 693 397 726 40.
428 690 529 739 ¹Age
558 702 651 735 vero,
673 689 796 726 ceteris
823 689 861 725 in
888 689 994 726 rebus
1023 703 1094 740 qua
1123 689 1167 725 sit
1196 688 1442 739 temperantia,

101 751 332 788 considerate.
386 752 494 789 Unde
514 752 611 788 illam
631 757 770 788 tantam
800 752 1028 799 celeritatem,
1048 757 1083 789 et
1102 757 1177 788 tam
1196 751 1442 788 incredibilem

100 813 265 850 ²cnrsum
293 815 477 851 inventum
505 815 660 864 putatis?
716 815 799 852 Non
833 815 931 851 enim
959 815 1058 851 illum
1089 815 1220 852 eximia
1241 815 1314 850 ³vis
1340 814 1443 851 remi-

99 890 198 927 gum,
219 884 280 914 aut
300 891 355 914 ars
383 879 543 915 inaudita
571 878 742 928 quzcdam
768 878 1004 928 gubernandi,
1025 883 1087 914 aut
1106 878 1199 914 venti
1226 877 1332 927 aliqui
1352 877 1443 924 novi,

99 945 175 975 tam
197 940 356 977 celeriter
382 941 417 977 in
448 941 589 977 ultimas
614 946 724 977 tem-as
743 940 986 990 pertulerunt3
1013 941 1077 977 sed
1098 953 1148 977 eae
1168 953 1232 987 reS,
1253 953 1332 990 quse
1354 944 1445 976 cete-

100 1015 155 1038 ros
188 1003 359 1039 remorari
391 1003 513 1049 solent,
541 1016 612 1040 non
646 1004 891 1048 retardarun&
920 1004 1016 1040 ⁴n0n
1045 1003 1190 1040 avaritia
1212 1003 1258 1040 ab
1286 1003 1445 1039 instituto

100 1077 202 1100 cursu
231 1065 278 1102 ad
306 1066 468 1114 praedam
498 1065 655 1115 aliquam
683 1066 876 1112 devocavit,
896 1079 968 1103 non
998 1066 1109 1103 libido
1136 1066 1180 1102 ad
1211 1065 1443 1115 voluptatem,

101 1139 171 1163 nou
202 1128 391 1164 amoenitas
421 1128 469 1164 ad
502 1128 786 1175 delectationem,
825 1141 896 1165 non
928 1128 1093 1165 nobilitas
1120 1128 1217 1165 urbis
1247 1128 1294 1164 ad
1327 1127 1445 1177 cogni-

102 1190 244 1235 tionem,
264 1203 335 1226 non
356 1190 509 1240 denique
530 1191 629 1227 labor
653 1191 727 1240 ipse
757 1191 804 1228 ad
825 1191 994 1241 quietem.
1048 1191 1236 1228 Postremo
1257 1190 1388 1240 ⁵sigiia,
1409 1194 1445 1226 et

102 1253 249 1298 tabulas
271 1259 460 1303 ceteraque
494 1259 704 1291 ornamenta
733 1255 944 1291 Graecorum
974 1254 1197 1304 oppidorum,
1226 1266 1306 1304 quae
1335 1253 1444 1290 ceteri

100 1314 256 1351 tollenda
276 1328 350 1352 esse
379 1316 601 1363 arbitrantur,
622 1329 665 1353 ea
683 1316 751 1353 sibi
770 1317 827 1353 ille
855 1329 900 1353 ne
921 1316 1066 1353 xisenda
1094 1316 1241 1365 quidem
1270 1315 1445 1352 existima-

100 1377 157 1414 w't.
214 1382 272 1414 41.
300 1378 426 1428 Itaque
457 1391 582 1415 omnes
613 1392 709 1416 nunc
741 1379 778 1415 in
809 1379 849 1415 iis
881 1379 964 1416 locis
996 1379 1060 1415 Cn.
1098 1378 1325 1428 Pompeium,
1355 1379 1446 1415 sicut,

101 1439 266 1489 aliquem,
287 1453 358 1477 non
378 1454 421 1477 ex
442 1440 508 1477 hac
530 1442 620 1478 urbe
648 1441 808 1487 missum,
827 1442 891 1478 sed
912 1442 957 1478 de
986 1441 1074 1478 coelo
1093 1440 1290 1490 delapsum,
1309 1440 1446 1478 intuen-

100 1507 177 1548 tur-3
215 1515 310 1539 nunc
349 1503 505 1553 denique
538 1504 711 1553 incipiunt
744 1505 898 1550 credere,
925 1504 1029 1540 fuisse
1066 1503 1229 1540 homines
1257 1503 1446 1541 Romanus

101 1564 195 1601 ‘hac
223 1565 407 1615 quondam
439 1566 663 1612 continentia,
684 1567 781 1616 quod
807 1567 883 1617 jain
912 1567 1114 1603 nationibus
1141 1566 1271 1603 exteris
1298 1566 1447 1603 in‘credi-

100 1627 170 1664 bile
199 1640 241 1664 ao
268 1628 354 1665 falso
381 1629 565 1665 memoriae
586 1629 770 1678 proditum
794 1630 996 1666 videbatur.
1050 1628 1087 1664 N
1090 1642 1159 1666 11110
1183 1629 1320 1679 impelii
1340 1629 1445 1665 vestri

100 1690 267 1739 splendor
300 1691 364 1727 illis
396 1692 567 1741 gentibus
600 1692 715 1738 lucet3
743 1705 839 1729 1111110
866 1692 1078 1742 intelligunt,
1108 1692 1199 1728 ⁷non
1232 1692 1306 1728 sine
1340 1704 1446 1729 causa

101 1753 251 1802 majores
270 1766 352 1790 suos
370 1759 591 1804 tuni,‘q11uin
621 1767 665 1791 ea
691 1755 928 1807 temperantia
955 1755 1185 1804 magistratus
1210 1754 1445 1801 habebamus,

101 1816 227 1853 serxire
255 1817 386 1866 populo
406 1817 579 1863 Romano,
608 1831 719 1867 quam
738 1810 910 1867 imperare
931 1818 1015 1863 aliis,
1035 1817 1212 1854 maluisse.
1257 1817 1280 1854 J
1283 1831 1343 1854 ain
1363 1831 1446 1855 vero

102 1876 153 1914 ita
179 1877 297 1914 faciles
324 1878 441 1915 aditus
470 1879 517 1915 ad
545 1891 631 1915 eum
658 1879 890 1928 privatorum,
909 1879 958 1915 ita
986 1879 1107 1916 liberte,
1137 1879 1369 1929 querimoniae
1399 1880 1445 1917 de

103 1940 252 1976 aliorum
278 1940 411 1990 injuriis
448 1954 523 1977 esse
557 1941 734 1987 dicuntur,
763 1946 804 1977 ut
840 1941 878 1987 is,
907 1941 969 1991 qui
1004 1941 1177 1991 dignitate
1207 1941 1446 1992 ⁸principibus

103 2002 252 2049 excellit,
273 2002 438 2039 facilitate
465 2003 594 2039 infimis
623 2007 688 2053 par
720 2016 795 2040 esse
825 2004 995 2041 videatur.
1051 2008 1111 2040 42.
1138 2004 1223 2041 Jam
1245 2005 1445 2055 ⁹quantum

103 2066 254 2112 consilio,
282 2070 460 2116 quantum
493 2065 632 2102 dicendi
659 2066 831 2115 graxitate
862 2070 898 2103 et
928 2066 1029 2116 copia
1057 2066 1181 2113 valeat,
1200 2067 1238 2103 in
1266 2078 1339 2117 quo
1367 2067 1444 2117 ipso

102 2128 193 2165 inest
213 2128 384 2178 quaedam
404 2128 558 2178 dignitas
581 2128 814 2178 imperatoria,
835 2142 905 2175 vos,
926 2129 1091 2175 Quirites,
1111 2129 1181 2166 1100
1207 2129 1284 2179 ipso
1304 2142 1348 2166 ex
1368 2129 1446 2166 1000

103 2204 196 2241 saepe
217 2190 438 2241 cognon‘stiS.
495 2190 560 2226 ¹⁰F
561 2191 659 2227 idem
678 2204 761 2227 vero
789 2191 862 2241 ejus
882 2196 1053 2240 quantam
1079 2191 1169 2228 inter
1187 2192 1298 2228 socios
1330 2191 1446 2228 existi-

103 2253 192 2289 mari
211 2253 356 2303 putatis,
376 2266 486 2303 quam
504 2253 624 2290 hostes
651 2266 774 2290 omnes
800 2253 962 2290 omnium
989 2267 1163 2303 generum
1183 2254 1444 2291 sanctissimam

99 2316 317 2366 judicarint?
384 2315 620 2353 Humanitate
653 2316 730 2366 jam
766 2320 867 2352 tanta
904 2321 966 2363 est,
1003 2322 1043 2353 ut
1080 2317 1220 2354 difficile
1257 2317 1355 2354 dictu
1391 2317 1445 2364 sit,

104 2383 225 2415 utrum
254 2378 373 2416 hostes
399 2379 517 2430 magis
538 2374 705 2416 virtutem
734 2379 809 2430 ejus
834 2384 1035 2430 pugnantes
1061 2379 1252 2426 timuerint»,
1272 2393 1318 2417 an
1345 2392 1444 2416 man-
