1571 2651
115 105 188 139 118
465 114 603 140 omno
630 116 704 141 PRo
731 116 761 142 T.
789 115 912 141 Anfflo
941 117 1096 142 MILONE.

111 216 327 253 tissimorum
360 217 502 259 civium
531 218 787 255 conscribebat.
840 219 984 262 Quanto
1014 219 1108 256 1⁰ille
1135 220 1239 269 plura
1265 220 1447 267 miscebat,

111 284 211 315 tanto
224 279 283 316 hic
297 280 413 329 magis
427 279 464 315 in
483 280 560 317 dies
580 281 856 332 convalescebat.
909 281 985 318 Ubi
1006 282 1092 319 xidit
1112 283 1136 299 ¹¹
1148 283 1258 320 homo
1277 283 1323 320 ad
1342 296 1448 320 omne

110 340 244 376 facinus
284 341 534 390 paratissimus,
567 341 798 378 fortissimum
839 343 964 389 vimm,
1005 343 1290 380 inimicissimum
1329 357 1447 390 suum,

111 403 347 438 certissimum
367 403 557 449 consulem,
576 403 687 453 idque
706 403 880 440 intellexit
902 418 973 441 non
1000 405 1113 441 solum
1134 406 1363 452 sermonibus,
1385 407 1446 443 sed

111 465 221 501 etiam
242 465 415 515 suffragiis
434 466 554 515 populi
574 466 727 502 Romani
746 479 840 516 saepe
860 480 934 503 esse
955 468 1184 514 declaratum,
1203 469 1321 518 palam
1342 482 1446 518 agere

111 527 227 576 coepit,
269 532 306 564 et
343 532 463 577 aperte
502 528 630 574 dicere,
672 528 910 565 occidendum
950 529 1132 566 Milonem.
1189 534 1246 567 26.
1286 531 1311 547 ¹²
1323 532 1447 568 Servos

111 596 266 639 agrestes
286 596 320 628 et
339 592 518 636 barbaros,
539 591 669 640 quibus
688 591 789 627 silvas
809 592 968 641 publicas
989 593 1222 642 depopulatus
1242 598 1325 639 erat,
1345 594 1430 630 Etru

110 651 273 701 viamque
292 657 446 698 vexarat,
460 665 502 688 ex
521 652 712 702 Apennino
731 653 937 699 deduxerat,
950 667 1037 703 quos
1052 655 1233 691 videbatis.
1287 655 1357 692 Res
1372 668 1447 691 crat

111 714 259 751 minime
301 715 459 751 obscura.
512 715 655 751 Etenim
697 715 883 752 dictitabat
927 716 1057 765 palam,
1099 717 1319 754 consulatum
1361 718 1445 767 eripi

110 777 233 814 Miloni
253 790 322 814 11011
342 791 453 827 posse,
472 777 585 814 vitam
604 791 716 827 posse.
773 778 798 795 ¹³
810 778 1031 828 Significant
1046 780 1113 816 hoc
1132 793 1225 830 saepe
1246 781 1283 816 in
1301 786 1445 827 senatu,

111 839 199 875 dixit
216 839 253 875 in
273 840 440 877 concione
457 853 464 886 ;
494 835 581 890 q'uin
601 841 711 877 etiam
730 841 779 877 M.
794 841 956 887 Favonio,
971 842 1158 879 fortissimo
1177 843 1258 888 viro,
1274 844 1445 892 quaerenti

111 915 153 938 ex
175 915 226 948 eo,
249 915 323 952 qua
348 915 410 952 spe
438 903 578 948 fureret,
606 903 739 940 Milone
767 904 855 950 vivo,
883 905 1073 954 respondit,
1101 905 1221 942 triduo
1248 906 1358 952 illum,
1386 912 1447 942 aut

109 977 294 1001 summum
310 966 498 1015 quatriduo
517 979 590 1002 esse
610 967 828 1016 periturum3
857 980 969 1016 quam
988 981 1112 1004 vocem
1133 968 1205 1018 ejus
1224 969 1271 1005 ad
1288 969 1384 1006 1111110
1398 969 1446 1005 M.

111 1027 284 1064 Catonem
304 1028 424 1064 statim
443 1027 620 1065 Favonius
639 1029 775 1066 detulit.

188 1091 236 1127 X.
292 1090 350 1127 27.
379 1091 536 1136 Interim,
556 1104 671 1141 quum
698 1092 801 1129 sciret
821 1092 967 1129 Clodius
996 1091 1129 1143 (neque
1149 1093 1245 1130 enim
1264 1099 1339 1130 erat
1359 1094 1445 1130 diffi-

110 1153 175 1190 cile
194 1151 309 1204 scire),
331 1154 340 1170 ¹
352 1153 418 1190 iter
436 1154 618 1199 sollemne,
637 1154 848 1204 legitimum,
868 1155 1114 1201 necessarium,
1129 1160 1211 1192 ante
1231 1155 1328 1192 diem
1344 1156 1445 1192 XIII.

110 1216 292 1253 Kalendas
311 1217 534 1263 Februarias,
560 1217 683 1254 Miloni
703 1230 777 1254 esse
797 1217 1001 1254 Lanuvium
1022 1219 1070 1255 ad
1097 1219 1276 1255 flaminem
1297 1220 1444 1269 proden-

109 1279 208 1324 dum,
228 1280 325 1329 quod
345 1284 421 1316 erat
440 1279 589 1316 dictator
606 1279 756 1316 Lanuvii
775 1280 870 1326 Milo,
891 1280 1007 1316 Roma
1034 1281 1152 1317 subito
1170 1281 1244 1330 ipse
1270 1281 1445 1331 profectus

109 1342 222 1391 pridie
242 1346 304 1388 est,
325 1346 366 1378 ut
385 1347 467 1378 ante
487 1355 592 1378 suum
618 1342 773 1379 fundum
802 1341 916 1393 (quod
936 1356 971 1379 re
990 1343 1206 1380 intellectum
1227 1342 1294 1394 est)
1323 1344 1444 1380 Miloni

109 1404 252 1440 insidias
281 1404 475 1441 collocaret.
527 1405 651 1454 Atque
671 1405 745 1441 ²ita
764 1405 941 1454 profectus
961 1410 1022 1451 est,
1042 1410 1082 1441 ut
1101 1405 1308 1442 concionem
1326 1407 1446 1443 turbu-

109 1466 252 1511 lentam,
272 1465 308 1502 in
337 1479 411 1516 qua
430 1467 503 1516 ejus
526 1466 621 1503 furor
641 1467 860 1504 desideratus
889 1472 949 1512 est,
971 1480 1052 1517 quae
1072 1467 1131 1504 illo
1150 1467 1226 1517 ipso
1246 1468 1302 1505 die
1321 1468 1446 1505 habita

110 1533 171 1574 est,
184 1528 405 1579 relinqueret,
418 1542 541 1578 quam,
551 1528 615 1565 nisi
631 1529 728 1566 obire
742 1529 902 1566 facinoris
916 1529 1033 1566 locum
1048 1534 1262 1580 tempusque
1275 1530 1445 1577 voluisset,

110 1603 296 1640 nunquam
316 1591 522 1642 reliquisset.
579 1595 636 1628 28.
664 1592 751 1629 Milo
774 1597 896 1629 autem
925 1605 1039 1642 quum
1067 1593 1103 1628 in
1122 1598 1247 1629 senatu
1266 1593 1385 1630 fuisset
1404 1606 1446 1630 eo

110 1653 178 1699 die,
207 1654 326 1703 quoad
353 1659 498 1690 senatus
526 1658 579 1691 est
605 1654 781 1701 dimissus,
802 1655 953 1691 domum
974 1655 1086 1702 venit,
1115 1655 1272 1692 ³calceos
1292 1660 1328 1692 et
1346 1655 1446 1691 vesti-

109 1720 234 1752 menta
252 1716 425 1762 mutavit3
453 1717 639 1766 paulisper,
661 1717 749 1753 dum
767 1730 803 1753 se
822 1730 911 1753 uxor
930 1715 987 1766 (ut
1004 1715 1058 1767 fit)
1079 1722 1270 1766 comparat,
1290 1731 1445 1754 commo-

110 1783 206 1814 ratus
239 1783 300 1824 est,
334 1778 464 1814 deinde
497 1779 671 1828 profectus
702 1778 741 1815 id
773 1779 950 1828 temporis,
979 1792 1092 1829 quum
1128 1779 1203 1829 jain
1233 1779 1388 1826 Clodius,
1415 1780 1443 1816 si

110 1840 258 1890 quidem
279 1853 321 1877 eo
340 1840 398 1877 die
413 1840 568 1877 Romam
584 1845 752 1877 venturus
771 1845 854 1886 erat,
870 1841 984 1878 redire
1004 1841 1182 1891 potuisset.
1236 1841 1390 1879 Obm'am
1405 1844 1445 1879 fit

111 1903 142 1940 ei
164 1903 318 1948 Clodius,
348 1903 542 1952 expeditus,
571 1902 608 1938 in
636 1915 737 1952 equo,
757 1903 855 1940 nulla
873 1903 1017 1950 “i-heda,
1039 1903 1144 1939 nullis
1170 1904 1445 1953 impedimentis,

110 1966 212 2002 nullis
241 1965 375 2002 Graecis
403 1965 601 2012 comitibus,
628 1970 669 2002 ut
704 1965 848 2012 solebat,
876 1965 951 2002 sine
980 1979 1097 2013 uxore,
1131 1967 1229 2016 quod
1260 1980 1445 2017 nunquam

111 2028 191 2075 fere,
230 2028 367 2078 ὁ(11111111
398 2027 459 2064 1110
489 2027 679 2074 insidiator,
708 2028 771 2078 qui
797 2027 862 2064 iter
888 2028 977 2065 illud
1003 2029 1052 2065 ad
1079 2029 1218 2065 caedem
1244 2029 1444 2066 faciendam

111 2096 323 2141 apparasset,
351 2104 434 2128 cum
461 2104 570 2128 uxore
597 2091 785 2128 veheretur
811 2090 848 2126 in
875 2091 996 2137 rheda,
1024 2092 1231 2141 paenulatus,
1250 2105 1383 2142 magno
1411 2098 1444 2130 et

113 2154 294 2204 impedito,
310 2159 346 2190 et
358 2153 523 2190 muliebri
543 2166 585 2190 ac
599 2153 750 2191 delicato
770 2153 975 2190 ancillarum
987 2167 1249 2204 puerorumque
1263 2155 1445 2208 comitatu.

114 2221 172 2253 29.
201 2216 258 2253 Fit
277 2215 419 2253 obviam
435 2215 564 2253 Clodio
582 2221 663 2252 ante
677 2216 827 2252 fundum
847 2216 930 2265 erS,
952 2216 963 2232 ⁵
975 2216 1061 2253 hora
1080 2216 1151 2253 fere
1171 2217 1370 2264 undecima,
1385 2220 1446 2254 ‘aut

113 2292 181 2316 non
200 2279 314 2316 multo
331 2292 441 2316 secus.
495 2279 623 2315 Statim
643 2278 840 2328 complures
859 2292 942 2315 cum
961 2279 1039 2316 telis
1058 2279 1094 2316 in
1112 2280 1208 2326 hune
1227 2280 1358 2317 faciunt
1378 2281 1445 2318 ⁷de

111 2341 189 2379 loco
202 2341 378 2392 superiore
392 2342 586 2392 impetum;
614 2341 751 2379 adversi
766 2341 971 2379 rhedarium
985 2343 1168 2390 occidunt3
1197 2355 1310 2393 quum
1323 2348 1446 2381 autem
