1596 2643
752 445 821 477 IN

228 578 320 653 L.
427 578 1348 656 CATILINAM

550 766 748 814 ORATIO
783 767 1019 826 QUARTA,

338 912 675 961 HABITA
730 913 819 962 IN
875 914 1226 964 SENATU.

194 1185 222 1222 I.
278 1189 310 1222 1.
337 1186 472 1233 VIDEO,
494 1186 639 1223 ¹Patres
660 1186 852 1235 conscripti,
871 1186 908 1222 in
927 1198 986 1222 me
1005 1186 1166 1223 omnium
1191 1190 1345 1222 vestrum
1370 1185 1453 1224 'ora

117 1252 224 1297 atque
251 1248 370 1285 oculos
397 1261 470 1285 esse
500 1261 690 1285 conversos
743 1248 860 1285 Video
879 1261 940 1284 vos
959 1260 1029 1284 non
1051 1248 1166 1284 solum
1186 1248 1231 1285 de
1252 1248 1386 1285 ³vest1·0
1412 1261 1453 1285 ac

117 1310 163 1346 rei
184 1310 346 1359 publicae,
367 1324 490 1347 verum
520 1311 638 1357 etiam,
658 1311 685 1346 si
704 1310 742 1347 id
762 1310 948 1360 depulsum
968 1310 1020 1356 sit,
1041 1310 1085 1346 de
1105 1323 1187 1347 meo
1205 1310 1359 1360 periculo
1378 1324 1452 1348 esse

116 1371 286 1409 sollicitos.
340 1373 402 1409 Est
432 1373 520 1409 mihi
545 1373 707 1423 jucunda
737 1373 794 1408 'in
822 1373 933 1414 malis,
962 1377 997 1409 et
1016 1377 1118 1422 grata
1135 1373 1170 1408 in
1191 1372 1320 1419 dolore,
1340 1378 1453 1409 vestra

118 1447 202 1483 erga
221 1447 280 1471 me
300 1435 480 1471 voluntas:
508 1435 572 1471 sed
592 1448 682 1481 eam,
701 1447 765 1484 per
785 1435 869 1472 deos
888 1434 1126 1470 immortales!
1156 1435 1330 1484 deponite,
1344 1440 1452 1485 atque

117 1497 214 1533 obliti
233 1497 354 1533 salutis
374 1511 476 1541 mete,
497 1498 542 1534 dc
562 1497 662 1534 vobis
683 1511 723 1534 ac
744 1498 789 1534 de
810 1497 930 1533 vestris
957 1497 1074 1533 libelis
1094 1498 1257 1546 cogitate.
1309 1497 1398 1534 Mihi
1423 1498 1453 1534 si

119 1557 218 1594 ‘''haeo
248 1559 401 1595 conditio
431 1559 630 1595 consulatus
661 1559 745 1595 data
774 1563 836 1604 est,
863 1563 903 1594 ut
932 1571 1054 1595 omnes
1085 1558 1301 1605 acerbitates,
1329 1571 1452 1595 omnes

117 1621 253 1658 dolores
283 1621 527 1671 cruciatusque
557 1622 757 1671 perferrem,
785 1621 896 1657 feram
926 1633 997 1657 non
1026 1621 1139 1657 solum
1168 1621 1309 1666 fortiter,
1329 1634 1451 1658 verum

118 1684 225 1720 etiam
245 1683 402 1729 libenter,
423 1684 622 1720 dummodo
641 1684 731 1720 meis
749 1683 930 1720 laboribus
949 1683 1050 1719 vobis
1067 1683 1268 1732 populoque
1288 1683 1452 1721 Romano

118 1746 271 1795 dignitas
298 1746 460 1795 salusque
488 1746 652 1796 pariatur.
709 1749 741 1782 2.
768 1746 846 1794 Ego
872 1757 952 1780 sum
979 1744 1035 1781 ille
1064 1744 1194 1790 consul,
1222 1745 1345 1782 Patres
1372 1759 1452 1783 con-

117 1809 244 1858 scripti,
265 1809 319 1845 cui
340 1809 432 1845 ⁶non
451 1809 576 1853 forum,
595 1808 631 1844 in
652 1821 723 1857 quo
742 1807 854 1844 omnis
875 1807 1022 1857 {equitas
1042 1806 1246 1853 continetur,
1267 1820 1337 1844 non
1357 1821 1452 1845 cam-

117 1884 182 1920 pus
202 1871 440 1907 consularibus
455 1871 614 1920 auspiciis
630 1874 866 1915 consecratus,
886 1882 958 1906 non
971 1869 1074 1914 curia,
1087 1882 1267 1905 summum
1283 1870 1451 1907 auxilium

117 1933 277 1969 omnium
297 1933 477 1982 gentium,
499 1946 571 1969 non
590 1933 727 1977 domus,
742 1944 931 1969 commune
945 1931 1164 1981 perfugium3
1185 1945 1254 1969 non
1274 1932 1384 1970 lectus
1403 1934 1448 1970 ad

118 1995 274 2044 quietem
286 1995 408 2041 datus;
428 2008 499 2031 non
511 1994 663 2044 denique
677 1994 756 2031 haec
770 1994 872 2030 sedes
883 1993 1034 2039 honoris,
1045 1993 1130 2029 sella
1144 1994 1280 2040 curulis,
1290 2007 1450 2044 unquam

118 2069 228 2092 vacua
252 2057 372 2093 montis
396 2057 550 2106 peliculo
576 2061 682 2105 atque
708 2055 838 2091 insidiis
862 2055 936 2090 fuit.
988 2054 1065 2103 Ego
1084 2055 1197 2091 multa
1217 2056 1319 2102 tacui,
1339 2057 1451 2093 multa

117 2118 251 2167 pertuli,
272 2119 384 2154 multa
404 2118 568 2163 concessi,
587 2117 701 2153 multa
726 2130 808 2153 meo
827 2117 984 2166 quodam
1004 2116 1121 2153 dolore
1140 2117 1176 2152 in
1191 2122 1306 2154 vestro
1324 2118 1449 2156 timore

116 2181 246 2216 sanavi.
299 2180 416 2226 Nunc,
435 2181 462 2216 si
490 2180 585 2216 hunc
613 2180 747 2215 exitum
767 2178 964 2215 consulatus
984 2178 1054 2215 mei
1074 2179 1121 2215 dii
1140 2179 1357 2216 immortales
1375 2193 1449 2217 esse

117 2242 310 2288 voluerunt,
339 2248 380 2279 ut
411 2255 483 2288 vos,
514 2242 639 2278 Patres
671 2240 864 2289 conscripti,
896 2240 1138 2290 populumque
1171 2241 1376 2278 Romanum
1405 2255 1450 2279 ex

117 2305 214 2340 caecle
239 2305 444 2351 miserrima,
465 2304 641 2354 conjuges,
660 2303 860 2352 liberosque
883 2307 1025 2348 vestros,
1044 2303 1269 2353 virginesque
1288 2303 1450 2340 Vestales

117 2367 182 2402 'ex
207 2368 434 2404 acerbissima
452 2367 658 2413 vexatione3
686 2365 821 2415 templa
840 2370 947 2415 atque
971 2365 1131 2412 delubra,
1149 2366 1243 2402 hanc
1261 2365 1434 2416 pulcherri
