1596 2643
140 109 188 148 ¹74
560 122 698 148 ORATIO
726 123 799 147 PRO
827 123 860 152 Q.
887 121 1054 147 monuo.

137 223 260 270 officio,
280 236 395 274 quum
414 224 573 274 utrisque
591 224 648 261 his
667 224 819 270 dederis
839 229 909 261 tres
927 224 1051 261 fratres
1069 223 1222 273 optimos
1240 227 1277 260 et
1295 221 1476 272 integerri-

137 299 223 333 mOS,
242 300 315 324 non
332 287 448 324 solum
467 288 533 325 sibi
552 288 654 337 ipsos,
673 300 791 337 neque
815 287 871 323 his
889 292 944 324 tot
962 300 1004 324 ac
1022 286 1153 323 talibus
1170 286 1261 332 viris,
1280 298 1396 335 neque
1415 298 1475 322 no-

137 349 192 386 bis
220 350 434 395 necessariis
466 350 531 386 sed
561 350 669 386 etiam
700 349 752 386 rei
784 349 935 399 pubh'eze
964 348 1226 386 condonaveris.
1281 348 1340 384 37.
1370 347 1434 383 1⁰F
1435 360 1475 384 ac

136 412 254 461 igitur,
276 412 374 462 quod
393 412 439 448 de
468 411 613 448 homine
642 411 862 448 nobilissimo
881 416 917 448 et
935 411 1125 448 clarissimo
1156 410 1267 447 fecisti
1295 423 1410 459 nuper
1438 410 1475 446 in

137 475 243 520 curia,
262 487 358 510 nune
375 474 474 510 idem
491 474 527 509 in
551 473 634 519 foro,
655 473 700 510 de
719 473 871 523 optimis,
891 478 928 510 et
945 473 1028 510 huic
1046 473 1143 510 omni
1174 473 1380 522 frequentiae
1400 485 1476 522 pro-

136 536 327 572 batissimis
345 535 522 572 fratribus.
576 535 631 572 Ut
649 535 847 572 concessisti
874 535 1014 571 uillum
1046 534 1193 580 senatui,
1222 535 1272 570 sic
1302 535 1349 571 da
1379 534 1476 570 hunc

137 598 277 648 populo,
297 598 396 648 cujus
415 598 636 635 voluntatem
657 597 875 634 carissimam
902 610 1042 647 semper
1062 596 1241 634 habuisti:
1270 601 1316 642 et,
1335 596 1363 632 si
1384 596 1476 631 ¹2ille

137 661 212 697 dies
231 661 295 697 tibi
314 660 592 710 gloriosissimus,
611 660 743 710 populo
770 660 936 697 Romano
955 659 1172 709 gratissimus
1197 658 1286 705 fuit3
1314 658 1396 704 noli,
1415 658 1477 694 ob-

136 736 243 769 secro,
263 724 438 770 dubitare,
458 723 498 760 C.
519 723 647 769 Caesar,
667 723 820 760 similem
839 723 886 759 illi
907 722 1028 773 gloriae
1059 722 1204 759 laudem
1223 734 1332 771 quam
1361 721 1477 770 saepis-

135 787 225 824 sime
243 800 413 837 quaerere.
465 787 565 823 Nihil
584 792 638 824 est
655 791 732 823 tam
762 786 930 836 populare
951 799 1062 836 quam
1091 786 1251 832 bonitas3
1281 785 1413 821 ¹³nulla.
1431 785 1476 822 de

136 850 326 886 virtutibus
344 850 414 886 tuis
443 849 605 900 plurimis
622 862 689 886 nee
708 849 959 895 admirabilior,
989 862 1054 886 nec
1080 849 1212 898 gratior
1239 847 1476 884 misericordia

137 917 211 958 est3
238 912 401 949 homines
421 912 517 949 enim
537 912 584 949 ad
603 913 688 949 deos
706 912 804 948 nulla
822 925 860 948 re
879 912 1022 961 propius
1052 911 1236 957 accedunt,
1255 923 1368 960 quam
1386 909 1477 946 salu-

136 979 211 1010 tem
230 974 434 1011 hominibus
454 975 584 1011 dando.
640 978 699 1010 38.
727 973 826 1009 Nihil
854 973 967 1010 habet
996 986 1063 1010 nec
1091 973 1232 1010 fortuna
1260 977 1324 1009 tua
1351 972 1476 1022 majus,

139 1036 165 1052 ¹⁴
175 1049 287 1086 quam
301 1041 341 1072 ut
367 1036 485 1086 possis,
504 1049 571 1073 neo
589 1040 718 1072 natura
736 1035 872 1080 melius,
905 1048 1017 1084 quam
1035 1040 1076 1071 ut
1094 1035 1178 1071 velis
1209 1047 1347 1071 servare
1367 1046 1477 1083 quam

136 1098 315 1148 plurimos
369 1098 582 1148 Longiorem
601 1098 797 1135 orationem
816 1111 922 1134 causa
950 1097 1093 1134 forsitan
1121 1096 1283 1147 postulat,
1302 1101 1366 1132 tua
1384 1100 1477 1132 certe

137 1166 263 1198 natura
282 1161 488 1198 breviorem.
543 1161 675 1207 Quare,
698 1161 850 1210 ¹⁵quum
877 1160 995 1196 utilius
1017 1173 1092 1197 esse
1119 1160 1275 1205 arbitrer,
1295 1164 1331 1195 te
1351 1158 1476 1208 ipsum,

137 1236 248 1273 quam
268 1236 327 1259 me
347 1228 410 1259 aut
429 1236 664 1273 quemquam,
683 1222 782 1272 loqui
796 1228 927 1267 tecum,
941 1222 1051 1259 finem
1066 1222 1143 1272 jam
1156 1221 1307 1258 faciam:
1335 1225 1477 1256 tantum

137 1291 173 1323 te
193 1286 404 1332 admonebo,
423 1286 452 1322 si
470 1285 518 1322 illi
538 1285 676 1323 absenti
704 1285 857 1322 salutem
877 1285 1025 1331 dederis,
1044 1284 1275 1334 praesentibus
1292 1283 1346 1320 his
1365 1283 1477 1320 omni-

137 1350 205 1386 bus
222 1353 258 1386 te
277 1349 458 1386 daturum.
