1596 2643
603 593 945 643 ORATIO

228 771 436 849 PRO
507 774 608 849 M.
675 775 1316 851 MARCELLO.

173 1117 202 1157 I.
263 1122 296 1157 1.
329 1119 544 1157 ²D1UTURN1
579 1120 717 1168 silentii,
754 1121 883 1159 Patres
918 1121 1119 1172 conscripti,
1153 1135 1226 1173 quo
1257 1135 1357 1160 eram
1389 1122 1445 1160 his

95 1181 321 1232 temporibus
345 1195 442 1229 usus,
462 1182 557 1219 “non
584 1182 715 1220 timore
744 1183 875 1234 aliquo,
903 1185 968 1221 sed
994 1184 1124 1234 partim
1152 1185 1284 1232 dolore,
1312 1185 1445 1236 partim

95 1244 323 1291 verecundia,
351 1244 463 1283 finem
491 1245 689 1283 hodiernus
718 1247 793 1284 dies
821 1247 951 1294 attulit,
979 1247 1156 1298 idemque
1184 1248 1341 1296 initium,
1361 1262 1444 1300 quae

94 1306 224 1345 vellem
254 1320 411 1360 quaeque
439 1308 612 1346 sentirem
641 1322 726 1346 meo
754 1309 903 1360 pristino
935 1323 1037 1347 more
1071 1311 1225 1348 dicendi.
1288 1312 1444 1349 Tantam

95 1371 192 1408 enim
212 1372 543 1419 mansuetudinem,
562 1377 639 1409 tam
664 1372 874 1410 inusitatam
903 1373 1181 1424 inauditamque
1200 1375 1444 1422 clementiam,

94 1437 239 1470 tantum
258 1434 296 1471 in
314 1447 463 1471 summa
490 1440 663 1485 potestate
691 1436 858 1472 omnium
887 1449 1008 1473 rerum
1039 1437 1228 1484 3modum,
1247 1443 1325 1475 tam
1346 1439 1444 1476 deni-

95 1510 168 1548 que
186 1497 438 1535 incredibilem
466 1499 680 1548 sapient-iam
709 1512 752 1536 ac
778 1512 882 1549 paene
911 1500 1082 1547 divinam,
1103 1501 1233 1538 tacitus
1260 1503 1444 1552 praeterire

95 1559 194 1597 nullo
211 1560 323 1598 modo
336 1573 494 1611 possum.
549 1565 582 1598 2.
610 1561 659 1598 Μ.
674 1562 771 1599 enim
787 1562 956 1600 Marcello
974 1563 1084 1610 vobis,
1099 1564 1225 1601 Patres
1246 1565 1444 1616 conscripti,

94 1621 220 1673 reique
240 1622 395 1673 publicae
416 1623 567 1669 reddito,
587 1623 683 1661 ⁴²n0n
700 1624 794 1661 illius
812 1624 941 1672 solum,
957 1625 1022 1662 sed
1040 1625 1152 1663 etiam
1173 1639 1296 1663 meam
1316 1640 1443 1665 vocem

95 1689 132 1722 et
150 1685 414 1732 auctoritatem,
433 1690 470 1723 et
489 1686 589 1724 vobis
609 1692 644 1724 et
662 1687 713 1724 rei
732 1687 887 1737 publicae
908 1693 1154 1725 conservatam
1175 1702 1217 1727 ac
1237 1690 1442 1728 restitutam

94 1752 193 1798 puto.
247 1748 450 1786 “Dolebam
470 1749 579 1796 enim,
598 1749 724 1786 Patres
744 1750 944 1800 conscripti,
964 1755 1000 1787 et
1019 1751 1253 1789 vehementer
1273 1754 1442 1803 angebar,

94 1823 213 1861 quum
239 1810 412 1858 viderem,
431 1811 551 1848 virum
572 1812 693 1859 talem,
713 1812 775 1862 qui
804 1812 863 1849 ⁶in
892 1813 1021 1850 eadem
1051 1826 1160 1851 causa
1187 1820 1287 1862 esset,
1307 1815 1343 1852 in
1371 1830 1444 1867 qua

94 1885 164 1923 ego
180 1872 336 1920 fuissem,
354 1886 426 1911 non
444 1873 480 1910 in
501 1874 631 1911 eadem
650 1887 726 1912 esse
745 1874 909 1912 fortuna:
937 1888 1003 1912 nec
1022 1875 1110 1912 mihi
1130 1877 1348 1926 persuadere
1368 1884 1443 1928 pot-

95 1948 207 1983 eram,
226 1948 293 1973 nec
312 1936 362 1973 fas
380 1949 456 1974 esse
475 1937 669 1985 ducebam,
689 1937 821 1975 versari
844 1951 905 1975 me
924 1938 961 1974 in
980 1943 1099 1976 nostro
1117 1944 1236 1977 vetere
1257 1941 1442 1988 curriculo,

94 1997 154 2036 illo
172 1998 307 2037 aemulo
325 2004 434 2050 atque
453 1999 632 2038 imitatore
659 2000 864 2038 studiorum
891 2014 933 2038 ac
952 2001 1119 2039 laborum
1142 2016 1321 2050 meorum,
1341 2005 1440 2054 quasi

95 2061 256 2111 quodam
275 2061 372 2100 socio
390 2075 412 2099 a
431 2075 491 2100 me
511 2066 546 2100 et
565 2063 706 2110 comite,
719 2063 896 2101 distracto.
942 2064 1038 2115 Ergo
1058 2069 1093 2102 et
1111 2065 1202 2102 mihi
1222 2079 1313 2103 1110.ae
1330 2067 1426 2116 pristi

93 2135 151 2160 nae
174 2122 257 2160 vitae
286 2124 596 2172 consuetudinem,
617 2125 658 2162 C.
677 2125 809 2173 Cacsar,
829 2125 1081 2163 '‘interclusam
1102 2128 1280 2177 aperuisti,
1303 2129 1361 2165 ”et
1388 2129 1441 2166 his

93 2186 275 2233 omnibus,
303 2186 351 2223 ad
377 2186 470 2224 bene
499 2187 544 2224 de
572 2188 671 2225 omni
698 2201 736 2225 re
755 2188 902 2239 publica
920 2190 1151 2239 sperandum,
1173 2191 1273 2240 quasi
1293 2191 1439 2241 signum

95 2247 242 2299 aliquod
272 2247 454 2286 sustulisti.
522 2253 556 2286 3.
596 2249 824 2287 Intellectum
858 2255 910 2288 cst
941 2251 1051 2297 enim,
1075 2252 1187 2287 ”mihi
1221 2253 1370 2302 quidem
1403 2254 1440 2291 in

94 2311 229 2358 multis,
247 2315 283 2349 et
302 2310 462 2360 maxime
480 2311 518 2348 in
536 2325 597 2350 me
615 2312 702 2363 ipso,
719 2313 783 2350 scd
810 2313 919 2364 paulo
946 2319 1028 2351 ante
1055 2314 1235 2362 omnibus,
1254 2328 1371 2366 quum
1391 2317 1440 2355 M.

94 2374 306 2414 Marcellum
343 2374 483 2412 senatui
519 2376 642 2427 reique
679 2376 836 2427 publicae
870 2376 1078 2424 concessisti,
1110 2377 1440 2419 ²⁰commemoratis
