1596 2643
535 144 672 170 ORATIO
700 143 725 169 1.
752 144 795 170 IN
824 144 1044 170 CATILINAM.
1439 140 1462 173 5

114 252 236 298 aperte
261 259 340 285 rem
366 247 550 298 publicam
577 248 780 285 universam
806 248 918 298 petis:
945 247 1081 298 templa
1105 247 1256 285 deorum
1282 248 1464 286 immorta-

114 310 212 358 lium,
231 315 326 348 tecta
345 311 451 358 urbis,
463 311 575 348 vitam
593 311 757 348 omnium
777 311 917 358 civium,
936 310 1079 348 Italiam
1097 311 1253 362 denique
1272 315 1396 359 totam,
1416 313 1464 350 ad

113 373 259 410 exitium
278 386 321 411 ac
340 374 541 411 vastitatem
560 387 675 411 vocas,

195 440 254 473 12.
282 436 605 487 Quare,*quoniam
626 437 650 454 ¹¹
662 437 710 484 id,
730 437 828 487 quod
847 440 901 474 est
919 437 1087 487 primum,
1097 440 1132 473 et
1151 436 1250 486 quod
1269 436 1373 487 hujus
1400 437 1464 473 im-

112 498 199 549 perii
225 498 490 550 disciplinaeque
515 500 693 550 majorum
720 500 902 550 propiium
922 504 984 546 est,
1003 499 1119 536 facere
1146 500 1309 536 nondum
1338 500 1463 547 audeo,

112 561 242 598 faciam
260 561 308 608 id,
328 562 427 612 quod
446 567 499 599 est
517 563 565 600 ad
592 563 817 599 severitatem
837 562 960 609 lenius,
981 567 1018 599 et
1042 562 1090 599 ad
1116 575 1346 599 communem
1374 563 1464 599 salu-

113 628 189 661 tem
217 624 345 662 utilius.
397 624 508 671 Nam,
529 625 558 661 si
588 629 623 662 te
654 625 802 662 interfici
827 625 974 675 jussero,
993 625 1164 662 residebit
1190 625 1227 661 in
1254 638 1292 662 re
1320 625 1463 675 publiea

113 687 250 737 reliqua
270 687 532 738 conjuratorum
551 700 701 735 manus3
729 688 783 724 sin
802 693 842 724 tu
863 687 1017 740 (¹²quod
1035 693 1072 725 te
1089 688 1308 738 jamdudum
1328 688 1463 738 hortor)

113 750 245 797 exiens,
267 750 294 767 ¹³
304 750 531 788 exhaurietur
549 764 593 788 ex
611 751 701 788 urbe
728 755 873 788 tuorum
894 751 1067 788 comitum
1094 764 1230 801 magna
1257 756 1293 788 et
1319 751 1465 801 pernici-

112 827 174 851 osa
192 814 331 851 sentina
350 814 400 851 rei
418 814 583 864 publicae.
641 818 699 851 13.
729 814 754 831 ¹⁴
766 814 864 858 Quid
883 822 944 861 est,
967 814 1144 852 Catilina?
1198 814 1300 851 Num
1320 815 1464 852 dubitas

110 876 160 923 id,
176 889 236 913 me
249 927 250 930 Ἰ
264 876 474 927 imperante,
492 877 619 935 fagere,
647 877 746 927 quod
768 877 845 927 jam
875 882 939 914 tua
965 882 1091 927 sponte
1118 877 1296 915 faciebas?
1360 878 1463 914 Exire

112 952 156 976 ex
182 940 272 977 urbe
295 939 401 989 jubet
427 939 549 977 consul
576 939 727 977 hostem.
780 939 982 990 Interrogas
1006 953 1077 987 me,
1097 953 1185 976 num
1213 940 1250 976 in
1278 940 1462 977 exsilium?

112 1002 198 1040 Non
220 1002 354 1053 jubeo:
381 1003 447 1040 sed
469 1003 532 1039 ¹⁵si
551 1016 611 1040 me
632 1003 792 1050 consuIiS,
811 1003 956 1040 suadeo.

191 1065 256 1102 VI.
311 1066 320 1082 ¹
333 1065 430 1109 Quid
450 1070 503 1102 est
522 1065 628 1112 enim,
649 1066 811 1112 Catilina,
831 1066 930 1116 quod
950 1070 985 1103 te
1000 1066 1077 1116 jam
1096 1065 1131 1102 in
1151 1065 1220 1103 hac
1239 1066 1328 1103 urbe
1349 1066 1464 1103 delec-

112 1132 186 1166 tare
206 1129 339 1179 possit?
394 1128 459 1165 ²In
478 1142 551 1179 qua
569 1142 677 1166 nemo
703 1134 755 1166 est
783 1136 882 1166 extra
908 1129 1014 1166 istam
1043 1129 1321 1180 conjurationem
1348 1130 1464 1179 perdi-

112 1195 231 1228 torum
249 1192 448 1240 hominum,
468 1193 529 1243 qui
548 1197 585 1230 te
604 1205 677 1230 non
696 1197 857 1239 metuat;
885 1206 1003 1239 nemo,
1023 1192 1083 1242 qui
1103 1205 1176 1229 non
1194 1192 1317 1230 oderit.
1371 1192 1462 1236 Quae

111 1258 197 1291 nota
226 1255 431 1293 domesticae
462 1255 690 1305 turpitudinis
722 1255 817 1293 ³non
846 1256 963 1292 inusta
992 1255 1073 1292 vitae
1106 1260 1178 1292 tuae
1213 1256 1290 1293 est?
1355 1255 1463 1299 Quod

111 1318 328 1368 privatarum
355 1331 475 1355 rerum
500 1318 658 1356 dedecus
686 1332 758 1356 non
784 1318 899 1356 haeret
924 1318 1105 1356 infamiae?
1160 1318 1250 1363 Quae
1279 1319 1391 1356 libido
1415 1320 1462 1356 ab

111 1381 230 1428 oculis,
250 1381 349 1431 quod
367 1381 503 1418 facinus
523 1394 545 1418 a
563 1382 730 1419 manibus
749 1394 911 1432 unquam
931 1382 1009 1429 tuis,
1029 1382 1128 1432 quod
1152 1382 1328 1432 flagitium
1348 1396 1370 1419 a
1388 1387 1463 1420 toto

112 1456 256 1493 corpore
287 1443 424 1481 abfuit?
479 1444 547 1480 Cui
576 1449 618 1481 tu
645 1444 920 1491 adolescentulo,
948 1457 1058 1494 quem
1087 1445 1366 1495 corruptelarum
1391 1445 1464 1482 ille-

112 1506 227 1544 cebris
253 1506 430 1553 irretisseS,
457 1519 530 1543 non
560 1511 624 1543 aut
653 1508 701 1544 ad
731 1508 922 1544 audaciam
951 1508 1092 1553 sermm,
1110 1512 1173 1545 aut
1200 1509 1247 1546 ad
1276 1508 1463 1546 libidinem

112 1569 228 1607 facem
247 1569 457 1620 praetulisti?
515 1573 572 1607 14.
601 1569 722 1614 ⁴Quid
741 1571 848 1608 vero?
901 1570 1038 1621 Nuper,
1060 1571 1194 1621 ⁵quum
1221 1576 1336 1609 morte
1361 1585 1463 1622 supe-

111 1633 208 1671 rioris
233 1633 350 1670 uxoris
377 1633 476 1671 novis
503 1634 634 1684 nuptiis
657 1634 810 1671 domum
829 1634 1091 1682 vacuefecisses,
1110 1648 1229 1672 nonne
1257 1635 1367 1672 etiam
1395 1636 1464 1673 alio

109 1696 307 1735 incredibili
332 1696 463 1734 scelere
489 1696 561 1734 hoc
587 1697 700 1734 scelus
728 1697 941 1735 cumulasti?
996 1697 1104 1742 Quod
1126 1711 1195 1748 ego
1219 1699 1462 1749 praetennitto,

111 1764 148 1797 et
168 1759 269 1797 facile
296 1759 411 1810 patior
432 1759 546 1808 „sileri3
574 1773 621 1797 ne
639 1760 676 1797 in
695 1760 764 1798 hac
783 1760 923 1798 civitate
952 1761 1041 1798 tanti
1068 1761 1229 1799 facinoris
1256 1762 1462 1799 immanitas

111 1828 174 1860 aut
192 1823 370 1869 exstitisse,
381 1828 444 1861 aut
462 1836 535 1861 non
554 1823 733 1862 vindicata
757 1837 832 1862 esse
852 1825 1023 1862 videatur.
1076 1825 1318 1863 Praetermitto
1345 1827 1462 1863 ruinas

109 1885 330 1924 fortunarum
358 1891 513 1933 tuarum,
541 1899 630 1937 quas
658 1899 782 1924 omncs
814 1887 1023 1938 impendere
1051 1887 1115 1925 tibi
1144 1888 1310 1938 proximis
1338 1888 1461 1926 Idibus

111 1949 283 1987 ‘’senties:
311 1949 360 1987 ad
380 1949 440 1987 illa
458 1950 570 1997 venio,
589 1963 670 2000 quae
691 1963 763 1988 non
783 1951 831 1988 ad
850 1951 1024 2001 privatam
1043 1951 1278 2001 ignominiam
1298 1951 1460 1988 vitiorum

110 2016 264 2059 tuorum,
283 2025 355 2050 non
380 2012 429 2050 ad
456 2012 690 2050 domesticam
717 2017 820 2050 tuam
848 2013 1095 2051 difficultatem
1123 2027 1166 2051 ae
1193 2014 1460 2063 turpitudinem,

110 2074 175 2112 sed
194 2073 244 2112 ad
260 2087 443 2112 summam
470 2088 547 2112 rem
574 2076 757 2126 publicam
785 2081 893 2127 atque
913 2077 961 2114 ad
981 2076 1143 2114 omnium
1170 2082 1329 2114 nostrum
1350 2076 1458 2113 vitam

110 2136 336 2188 salutemque
367 2137 553 2188 pertinent.
610 2142 668 2176 15.
696 2139 866 2177 Potestne
898 2140 963 2178 tibi
995 2140 1077 2177 haec
1108 2140 1178 2185 lux,
1209 2139 1370 2186 Catilina,
1399 2144 1460 2176 aut

110 2199 216 2250 hujus
244 2199 323 2237 coeli
349 2200 490 2250 spiritus
516 2214 590 2239 esse
614 2202 804 2252 jucundus,
826 2216 940 2253 quum
967 2203 1056 2240 scias
1085 2203 1236 2239 ⁷horum
1256 2215 1330 2239 esse
1349 2203 1460 2239 nemi-

111 2275 206 2309 nem,
233 2262 296 2313 qui
325 2262 458 2300 nesciat
485 2269 522 2302 te
552 2264 664 2315 pridie
694 2265 880 2303 Kalendas
909 2266 1107 2311 Januarias,
1127 2264 1263 2315 Lepido
1293 2269 1329 2302 et
1358 2265 1459 2303 Tullo

87 2342 96 2345 -
112 2323 240 2363 consuL
249 2325 323 2370 bus,
343 2325 478 2363 stetisse
508 2326 546 2363 in
574 2327 717 2366 comitio
745 2341 830 2366 cum
863 2328 958 2366 telo?
1025 2328 1187 2373 Manum,
1205 2327 1389 2365 consulum
1423 2332 1460 2365 et

114 2387 311 2439 principum
339 2387 486 2425 civitatis
512 2388 837 2428 interficiendorum
866 2403 984 2435 causa,
999 2390 1200 2440 paravisse?
1256 2390 1386 2428 Sceleri
1416 2403 1458 2428 ac
