1596 2643
526 103 663 130 onArio
693 104 747 129 111.
777 104 820 128 IN
850 103 1067 129 CATILINAM.
1423 90 1471 129 27

120 212 392 259 constanterque
420 208 691 258 respondissent,
724 221 787 258 per
816 220 926 257 quen]
955 207 1003 244 ad
1031 219 1117 244 eum
1146 206 1381 257 quotiensque
1415 221 1473 244 ve-

120 272 263 319 nissent,
284 271 564 322 quaesissentque
585 271 630 308 ab
651 284 703 317 eo,
724 271 857 307 nihilne
877 283 1000 307 secum
1020 274 1112 307 esset
1131 270 1177 306 de
1196 269 1274 306 fatis
1294 270 1473 320 Sibyllinis

120 334 267 381 locutus,
297 339 376 371 tum
403 334 459 371 ille
487 334 615 381 subito,
637 333 789 370 ⁸scelere
819 333 977 380 demens,
1007 337 1141 383 quanta
1171 332 1473 379 conscientiaexvis

120 402 221 444 esset,
251 397 417 434 ostendit.
481 396 590 444 Nam,
622 409 736 447 quum
768 396 807 433 id
837 400 956 446 posset
986 395 1136 442 infitiari,
1168 399 1313 445 repente
1346 400 1474 445 praeter

120 460 324 510 opinionem
351 460 515 498 omnium
543 460 720 497 confessus
749 464 811 496 est.
866 459 944 497 9Ita
962 472 1047 496 eum
1067 471 1138 495 non
1157 458 1268 495 modo
1286 458 1471 508 ingenium

123 523 207 560 illud
236 528 272 560 et
297 523 438 560 dicendi
464 523 677 569 exercitatio,
699 536 772 573 qua
798 535 940 572 semper
964 521 1084 568 valuit,
1103 521 1168 558 sed
1193 521 1311 566 etiam,
1332 525 1474 570 propter

123 586 194 622 vim
214 586 352 623 sceleris
371 586 547 623 manifesti
567 591 676 636 atque
698 585 920 636 deprehensi,
937 584 1170 634 impudentia,
1192 597 1264 635 qua
1283 583 1474 633 superalmt

121 662 254 696 omnes,
274 649 553 700 improbitasque
585 649 723 686 defecit.
781 653 838 685 12.
867 648 1068 685 Volturcius
1096 661 1180 684 vero
1210 647 1328 684 subito
1357 647 1473 683 literas

122 712 264 762 proferri
284 716 393 762 atque
413 712 538 762 aperiri
556 712 667 762 jussit,
690 724 778 762 quas
797 711 862 748 sibi
883 724 904 747 a
923 710 1075 747 Lentulo
1094 710 1142 747 ad
1162 710 1352 746 Catilinam
1373 710 1474 746 datas

121 787 196 812 esse
216 775 370 812 dicebat.
423 775 547 825 Atque
566 775 615 811 ibi
635 774 948 811 vehementissime
977 773 1203 823 perturbatus
1222 772 1404 818 Lentulus,
1424 777 1474 808 ta-

123 850 205 874 men
226 842 262 874 et
280 837 426 888 signum
444 842 481 874 et
499 850 649 874 manum
669 850 772 874 suam
792 836 968 887 cognovit.
1024 836 1050 853 ¹⁰
1060 836 1171 872 Erant
1189 841 1312 873 autem
1335 836 1472 886 scripta}

122 901 194 938 sine
225 901 380 948 nomine,
409 901 475 938 sed
503 901 573 938 ita:
620 901 696 947 Qui
726 901 806 947 sim,
835 901 920 936 scies
951 912 991 936 ex
1020 912 1067 947 eo,
1099 912 1205 947 quem
1236 899 1286 935 ad
1318 905 1348 935 te
1378 900 1473 936 misi.

129 964 239 1012 Oura,
260 971 302 1001 ut
322 966 380 1002 vir
398 965 458 1012 sis,
479 970 511 1001 et
538 965 655 1012 coqz'ta
675 977 780 1013 quem
808 965 848 1000 in
868 965 986 1000 locum
1014 964 1064 1000 sis
1084 976 1311 1011 prom-cessus,
1332 969 1364 999 et
1383 963 1473 1008 vide,

123 1028 214 1075 quid
231 1028 316 1076 jam
338 1028 402 1064 tibi
429 1028 478 1064 sit
503 1040 644 1065 necesse.
699 1027 753 1063 Et
773 1040 871 1073 cura,
891 1032 933 1062 ut
953 1026 1118 1063 omnium
1149 1026 1212 1062 tibi
1240 1026 1384 1062 auaeilia
1411 1026 1469 1062 ad-

121 1090 272 1139 jamyas,
292 1091 402 1127 etiam
427 1091 653 1139 infimorum.
709 1090 881 1127 Gabinius
910 1090 1041 1126 deinde
1069 1089 1300 1136 introductus,
1323 1089 1472 1139 nquum

122 1153 236 1204 primo
262 1153 492 1203 impudenter
517 1153 730 1204 respondere
759 1153 931 1203 coepisset,
952 1152 999 1189 ad
1020 1156 1223 1189 extremum
1251 1151 1338 1188 nihil
1358 1165 1402 1188 ex
1423 1152 1472 1198 iis,

122 1229 204 1266 quae
226 1216 318 1253 Galli
345 1215 609 1263 insimulabant,
630 1215 786 1266 negavit.
844 1219 902 1252 13.
929 1215 986 1251 Ac
1014 1214 1104 1251 mihi
1133 1215 1291 1265 quidem,
1312 1214 1474 1261 Quirites,

124 1278 276 1329 ¹²quum
294 1278 354 1315 illa
373 1278 566 1316 certissima
590 1284 674 1315 sunt
694 1278 768 1315 visa
795 1282 1009 1328 argumenta
1038 1282 1147 1328 atque
1177 1277 1307 1314 indicia
1326 1277 1474 1324 sceleris,

123 1341 274 1388 tabellae,
293 1341 406 1392 signa,
426 1354 565 1388 manus,
587 1341 743 1392 denique
764 1341 866 1377 unius
881 1341 1052 1391 cujusque
1072 1340 1251 1386 confessio,
1264 1345 1342 1376 tum
1362 1340 1476 1377 multo

123 1404 270 1441 certiora
291 1404 360 1451 illa,
380 1404 483 1451 color,
503 1404 605 1451 oculi,
624 1404 754 1451 vultus,
775 1404 1005 1440 taciturnitas.
1061 1403 1086 1420 ¹³
1098 1403 1155 1440 Sic
1184 1403 1280 1440 enim
1308 1403 1476 1453 obstupu-

124 1472 234 1513 erant,
268 1467 317 1504 sic
349 1471 481 1504 terram
513 1467 753 1513 intuebantur,
786 1467 835 1503 sic
867 1467 988 1503 furtim
1023 1479 1283 1516 nonnunquam
1316 1467 1407 1503 inter
1438 1480 1476 1504 se

124 1531 380 1581 adspiciebant,
400 1535 441 1567 ut
458 1543 530 1568 non
545 1531 623 1581 jam
643 1531 689 1567 ab
709 1530 782 1567 aliis
801 1530 957 1577 indicari,
978 1530 1042 1567 sed
1061 1529 1127 1579 ipsi
1147 1543 1169 1566 a
1187 1542 1224 1566 se
1245 1530 1458 1567 viderentur.

202 1592 266 1630 VI.
320 1593 329 1610 ¹
341 1593 482 1630 Iudiciis
502 1593 667 1643 expositis
687 1597 796 1643 atque
816 1592 928 1639 editis,
944 1592 1108 1638 Quirites,
1128 1597 1292 1629 senatum
1308 1593 1476 1639 consului,

124 1657 169 1694 de
189 1669 333 1693 summa
351 1669 389 1694 re
403 1656 546 1707 publica
561 1656 649 1707 quid
663 1656 739 1693 fieri
753 1656 918 1706 placeret.
964 1656 1080 1693 Dictae
1096 1660 1178 1692 sunt
1198 1656 1210 1672 ²
1221 1669 1243 1692 a
1262 1656 1477 1706 principibus

123 1720 306 1757 acerrimae
328 1732 370 1757 ac
388 1719 585 1757 fortissimae
605 1719 800 1766 sententiae,
822 1732 910 1769 quas
940 1723 1083 1756 senatus
1112 1719 1187 1756 sine
1215 1719 1287 1756 ulla
1306 1720 1476 1757 varietate

124 1788 179 1821 est
208 1790 428 1822 consecutus.
491 1783 538 1820 Et
568 1783 740 1834 quoniam
770 1782 955 1820 ³nondum
986 1787 1039 1819 est
1070 1782 1306 1833 perscn’ptum
1335 1789 1477 1820 senatus

124 1846 336 1894 consultum,
367 1859 411 1883 ex
443 1846 619 1883 memoria
650 1846 761 1893 vobis,
792 1846 956 1893 Quirites,
991 1846 1080 1896 quid
1117 1850 1260 1883 senatus
1293 1848 1476 1894 censuerit,

124 1922 314 1960 exponam.
371 1913 430 1946 14.
457 1909 622 1946 Primum
644 1909 733 1946 mihi
761 1909 886 1959 gratiae
915 1909 1032 1946 verbis
1059 1909 1283 1960 amplissimis
1311 1916 1477 1960 aguntur,

126 1972 225 2023 quod
239 1972 380 2019 virtute,
392 1971 545 2019 consilio,
557 1972 781 2022 providentia
800 1985 891 2018 mea,
904 1985 960 2009 res
975 1972 1117 2022 publica
1136 1973 1302 2009 maximis
1317 1973 1477 2022 periculis

125 2035 170 2072 sit
197 2034 368 2082 liberata3
401 2034 533 2072 deinde
561 2034 600 2072 L.
620 2034 767 2072 Flaccus
795 2039 832 2072 et
859 2035 1143 2085 O.Pompti11us,
1172 2041 1349 2085 praetoroa
1380 2036 1477 2085 quod

126 2111 252 2136 eorum
271 2111 380 2148 opera
398 2097 478 2135 forti
504 2098 675 2149 fidelique
704 2111 787 2135 usus
806 2112 932 2146 essem,
952 2099 1081 2136 merito
1100 2112 1142 2135 ac
1165 2099 1243 2148 jure
1265 2099 1477 2136 laudantur:

126 2165 235 2212 atque
256 2160 367 2198 etiam
386 2160 461 2199 viro
478 2160 567 2208 forti,
582 2161 751 2212 ⁴collegae
772 2175 865 2209 meo,
881 2162 956 2199 laus
976 2162 1186 2212 impertitur,
1208 2161 1305 2210 quod
1325 2149 1394 2202 eos,
1417 2162 1476 2212 qui

126 2223 234 2275 hujus
253 2223 503 2274 conjurationis
521 2224 708 2275 participes
727 2225 883 2272 fuissent,
904 2238 925 2262 a
944 2226 1014 2261 suis
1034 2229 1070 2261 et
1088 2225 1138 2261 rei
1158 2224 1309 2274 publicae
1330 2225 1478 2262 consiliis

127 2287 346 2326 removisset.
400 2287 524 2338 Atque
543 2288 592 2325 ita
612 2293 834 2336 censuerunt,
855 2294 896 2326 ut
914 2289 956 2326 P.
976 2288 1158 2334 Lentulus,
1180 2288 1313 2338 t'quum
1334 2301 1371 2325 se
1391 2302 1478 2339 prae-

127 2354 209 2387 tura
227 2350 435 2398 abdicasset,
456 2349 514 2387 “in
533 2351 732 2389 custodiam
751 2352 972 2389 traderetur:
1001 2355 1109 2401 atquc
1137 2350 1237 2387 idem
1263 2350 1332 2388 hoc
1359 2352 1480 2390 decre-
