1596 2643
163 117 211 150 82
537 127 673 152 ORATIO
702 128 774 152 PRO
803 127 904 151 REGE
930 126 1127 152 DEIOTARO.

162 227 318 264 difficiles
337 228 403 265 tibi
422 228 657 266 Alexandreae
677 229 749 265 fore
769 229 891 274 exitus,
911 233 1054 279 propter
1072 229 1262 278 regionum
1281 232 1445 264 naturam
1466 232 1501 264 et

161 289 327 327 fluminis.
380 291 432 327 At
460 304 503 327 eo
529 295 691 340 tempore
718 291 795 341 ipso
824 291 1013 341 pecuniam
1041 291 1150 337 dedit,
1174 291 1367 327 exercitum
1396 290 1501 337 aluit,

163 352 226 398 ²ei,
247 365 355 402 quem
383 353 478 389 Asize
513 353 729 403 praefeceras,
762 353 860 390 nulla
885 353 921 389 in
953 366 990 390 re
1018 353 1149 392 defuit:
1187 353 1251 390 tibi
1279 352 1399 389 victori
1431 364 1502 387 non

161 415 278 452 solum
316 416 363 452 ad
390 416 592 465 hospitium,
622 416 684 452 sed
714 417 761 453 ad
788 417 983 466 periculum
1018 417 1135 463 etiam,
1169 422 1275 466 atque
1309 416 1356 452 ad
1389 415 1502 451 aciem

162 482 289 527 pnesto
325 478 401 514 fuit.
458 482 516 514 25.
554 478 729 514 Secutum
767 484 819 515 est
858 479 1015 515 ³bellum
1048 479 1276 525 Africanum3
1304 491 1428 528 graves
1457 477 1502 513 de

164 546 198 575 te
236 553 416 586 rumores3
458 541 518 590 qui
547 541 655 577 etiam
692 542 863 577 furiosum
900 541 1001 577 illum
1036 541 1220 578 Caecilium
1253 542 1502 577 excitaverunt.

164 601 243 644 Quo
276 606 354 638 tum
382 615 442 638 rex
477 603 596 639 animo
628 603 716 640 fuit?
745 603 805 652 qui
835 603 1058 640 auctionatus
1087 603 1140 649 sit,
1178 616 1325 652 seseque
1357 602 1503 652 spoliare

162 665 332 712 maluerit,
353 679 463 715 quam
483 666 546 703 tibi
574 667 764 716 pecuniam
793 680 864 703 non
883 667 1158 703 subministrare.
1213 666 1224 682 ‘¹
1238 667 1289 702 At
1308 679 1359 711 eo,
1379 665 1503 715 inquit,

161 732 320 777 tempore
347 728 422 778 ipso
450 728 613 765 Nicaeam
641 729 894 779 Ephesumque
923 729 1098 775 mittebat,
1133 729 1191 779 qui
1223 741 1381 765 rumores
1413 727 1504 764 Afri-

162 803 267 827 canos
287 791 498 841 exciperent,
518 797 554 828 et
573 792 730 828 celeiiter
758 792 804 828 ad
831 805 868 828 se
896 791 1074 828 referrent.
1129 791 1255 841 Itaque
1281 804 1395 840 quum
1415 795 1504 827 esset

162 853 193 889 ei
221 854 443 900 nunciatum,
463 854 665 891 Domitium
685 854 870 903 naufragio
891 854 1063 903 “pen‘tsse,
1084 859 1120 890 te
1140 854 1175 889 in
1197 854 1337 890 castello
1357 853 1503 890 circum-

161 917 284 963 sederi,
313 917 358 953 de
387 917 546 954 Domitio
573 917 663 953 dixit
689 930 832 953 versum
862 917 1029 953 Graecum
1059 917 1189 953 eadem
1217 916 1399 962 sententia,
1433 929 1505 966 qua

162 979 271 1015 etiam
298 992 361 1016 nos
388 979 566 1016 habemus
592 979 784 1016 Latinum:

442 1072 579 1103 Pei-eant
595 1071 696 1109 amici,
713 1072 790 1103 dum
806 1073 870 1103 {ma
885 1070 1001 1102 inimici
1017 1070 1216 1109 intercidant,

162 1167 259 1216 quod
278 1167 344 1213 ille,
364 1167 392 1204 si
412 1172 503 1205 esset
521 1168 585 1205 tibi
605 1168 873 1215 inimicissimus,
893 1181 1080 1218 nunquam
1100 1173 1221 1204 tamen
1241 1168 1405 1204 dixisset:
1429 1167 1503 1218 ipse

126 1234 129 1236 '
162 1230 256 1266 enim
286 1235 504 1276 mansuetus,
526 1231 667 1267 “versus
686 1231 863 1267 immanis.
919 1231 1011 1274 ⁷Qui
1043 1236 1165 1267 autem
1185 1230 1344 1267 Domitio
1368 1235 1505 1280 poterat

163 1306 237 1329 esse
276 1293 420 1339 amicus,
449 1293 510 1343 qui
543 1294 607 1330 tibi
646 1298 737 1330 esset
763 1294 950 1331 inimicus?
1004 1293 1082 1330 Tibi
1115 1306 1218 1343 porro
1253 1293 1416 1330 inimicus
1444 1306 1505 1331 cur

163 1359 262 1400 esset,
282 1368 304 1391 a
332 1368 404 1405 quo
431 1368 544 1405 quum
564 1356 619 1392 vel
646 1356 804 1401 interfici,
824 1355 905 1392 belli
933 1355 1022 1405 lege,
1051 1355 1226 1405 potuisset,
1254 1368 1376 1404 regem
1404 1360 1441 1392 et
1467 1369 1504 1391 se

163 1422 198 1454 et
225 1418 337 1454 filium
365 1431 470 1454 suum
500 1419 704 1455 constitutos
733 1432 806 1455 esse
835 1419 1079 1455 meminisset?
1138 1421 1195 1454 26.
1224 1418 1320 1461 Quid
1348 1418 1504 1455 deinde?

164 1481 322 1517 ⁸furcifer
350 1494 422 1531 quo
459 1482 704 1531 progreditur?
758 1482 830 1527 Ait,
858 1481 933 1518 hac'
965 1482 1087 1518 laetitia
1115 1481 1325 1517 Deiotarum
1359 1481 1504 1527 elatum,

163 1544 243 1580 vino
262 1557 299 1581 se
318 1545 484 1591 obruisse,
499 1545 535 1589 in
556 1545 785 1594 convivioque
805 1545 944 1581 nudum
965 1544 1153 1581 saltavisse.
1205 1544 1295 1587 Quae
1317 1557 1401 1581 crux
1421 1544 1505 1581 huic

163 1605 309 1656 fugitivo
328 1611 444 1656 potest
469 1607 552 1644 satis
579 1608 740 1658 supplicii
768 1607 912 1645 afferre?
967 1607 1175 1644 Deiotarum
1201 1607 1389 1643 saltantem
1414 1607 1505 1656 quis-

165 1682 286 1718 quam,
315 1674 377 1706 aut
404 1670 544 1706 ebrium
571 1670 658 1707 vidit
677 1671 862 1720 unquam?
917 1670 1052 1706 Omnes
1079 1670 1115 1705 in
1142 1669 1200 1706 illo
1218 1673 1302 1705 sunt
1329 1682 1413 1719 rege
1441 1669 1505 1706 vir-

164 1736 266 1777 tutes,
287 1732 386 1781 quod
413 1736 458 1777 te,
479 1732 607 1778 Caesar,
635 1733 795 1781 ignorare
823 1745 893 1769 non
923 1732 1080 1777 arbitror,
1107 1731 1171 1768 sed
1191 1732 1367 1780 przecipue
1387 1731 1506 1780 singu-

163 1792 243 1828 laris
271 1797 308 1829 et
335 1793 547 1829 admiranda
572 1793 773 1843 fiugalitas:
802 1793 864 1829 etsi
893 1793 960 1829 hoc
986 1793 1093 1829 verbo
1119 1793 1190 1829 scio
1218 1792 1354 1829 laudari
1382 1805 1504 1842 regem

165 1868 235 1891 non
255 1855 376 1892 solere.
431 1855 482 1891 ⁹F
484 1855 565 1905 rugi
584 1856 771 1892 hominem
801 1855 881 1902 dici,
902 1868 973 1892 non
1000 1855 1159 1891 multum
1185 1855 1297 1892 habet
1323 1855 1440 1892 laudis
1467 1855 1504 1891 in

164 1930 272 1967 rege;
299 1918 439 1964 fortem,
462 1918 615 1968 justum,
642 1931 819 1964 severum,
848 1931 1008 1968 gravem,
1036 1918 1328 1967 magnanimum,
1348 1918 1503 1968 largum,

165 1980 383 2027 beneficum,
402 1980 597 2027 liberalem,
616 1981 673 2018 hae
693 1985 775 2017 sunt
802 1981 912 2031 regiae
934 1981 1078 2028 laudes3
1105 1981 1165 2017 illa
1184 1981 1319 2030 privata
1338 1986 1400 2018 est.
1453 1980 1503 2017 Ut

165 2043 257 2079 volet
276 2043 429 2093 quisque
449 2043 619 2093 accipiat3
645 2056 712 2093 ego
731 2048 854 2079 tamen
873 2043 1129 2092 frugalitatem,
1149 2043 1187 2079 id
1207 2047 1269 2089 est,
1289 2043 1504 2080 modestiam

166 2111 203 2142 et
229 2106 517 2156 temperantiam,
536 2106 706 2143 virtutem
737 2107 938 2142 maximam
967 2106 1100 2156 judico.
1156 2106 1285 2143 ¹⁰Haec
1303 2106 1340 2142 in
1366 2106 1426 2143 illo
1454 2111 1503 2143 est

166 2167 211 2203 ab
231 2168 377 2204 ineunte
406 2172 521 2213 aetate,
541 2181 656 2217 quum
677 2180 698 2204 a
717 2173 847 2204 cuncta
865 2168 962 2214 Asia,
981 2172 1061 2204 tuni
1083 2180 1104 2204 a
1122 2167 1392 2217 magistratibus
1410 2167 1505 2217 lega-

165 2229 282 2279 tisque
312 2230 447 2276 nostris,
468 2235 550 2266 tum
576 2230 621 2267 ab
651 2230 833 2280 equitibus
861 2230 1043 2276 Romanis,
1064 2230 1124 2279 qui
1153 2230 1191 2266 in
1218 2229 1306 2266 Asia
1335 2229 1503 2279 negotiati

165 2298 257 2337 sunt,
287 2297 472 2342 pelspecta
509 2297 544 2329 et
577 2292 728 2342 cognita.
786 2292 844 2329 27.
897 2292 1020 2328 Multis
1052 2292 1110 2329 ille
1147 2292 1297 2342 quidem
1331 2291 1504 2341 gradibus

165 2354 362 2391 officiorum
396 2368 482 2404 erga
511 2368 588 2392 rem
622 2354 806 2405 publicam
836 2360 992 2392 nostram
1023 2355 1070 2392 ad
1097 2355 1165 2392 hoc
1201 2354 1342 2404 regium
1369 2367 1501 2391 nomen
