1596 2643
566 121 705 148 ORATIO
733 122 773 147 11.
801 122 844 146 m
872 121 1091 148 oA'mLINAM.
1450 112 1499 150 17

155 227 312 265 faciundi
339 225 516 277 abjecerit,
549 238 592 262 ex
619 225 688 262 hoc
723 238 827 262 cursu
857 225 998 262 sceleris
1030 229 1066 262 et
1097 225 1182 262 belli
1206 226 1272 263 iter
1299 227 1346 263 ad
1377 228 1500 277 fugam

155 294 264 340 atque
281 289 318 326 in
337 288 498 326 exsilium
516 287 734 334 converterit,
752 300 823 324 non
851 287 908 324 ille
937 301 959 324 a
979 300 1039 324 me
1060 287 1248 337 ³spoliatus
1268 289 1374 324 armis
1393 291 1508 326 auda-'

155 352 228 398 ciae,
255 364 328 388 non
354 350 618 400 obstupefactus
646 362 688 386 ac
714 350 917 399 perterritus
944 363 1028 387 mea
1055 350 1247 400 diligentia,
1267 364 1338 388 non
1366 352 1417 388 de
1439 365 1501 401 spe

155 418 358 463 conatuque
385 413 561 463 depulsuS,
580 412 910 459 sed'indemnatUS,
928 412 1106 460 innocens,
1125 413 1162 449 in
1190 413 1349 450 exsilium
1370 414 1501 464 ejectus

155 490 178 514 a
204 476 346 514 consule
373 477 407 513 vi
440 481 477 513 et
506 475 611 512 minis
644 488 718 512 esse
747 476 904 512 dicetur:
933 475 992 512 ⁴¹et
1019 480 1133 522 erunt,
1161 476 1222 526 qui
1249 477 1359 523 illum,
1379 477 1405 513 si
1433 477 1502 514 1100

153 539 284 585 fecerit,
303 552 374 577 non
392 539 608 589 improbum,
627 538 690 575 sed
718 538 898 584 miserum,
918 551 977 575 me
1002 551 1074 576 non
1095 539 1401 589 diligentissimum
1422 553 1502 577 con-

153 602 278 648 sulem,
305 602 369 639 sed
401 601 684 638 crudelissimum
722 605 913 651 tyrannum
942 601 1131 638 existimari
1159 602 1276 639 velint.
1333 607 1391 640 15.
1421 603 1503 640 5'Est

154 665 242 700 mihi
261 665 360 710 tanti,
380 664 542 709 Quirites,
561 664 665 714 hujus
682 664 823 701 invidiae
842 664 937 700 falsae
958 669 1065 714 atque
1093 665 1224 714 iniquae
1252 670 1501 716 tempestatem

153 727 280 773 subire,
301 727 501 764 dummodo
521 739 542 763 a
560 726 659 764 vobis
678 726 783 777 hujus
802 726 975 763 horribilis
994 727 1076 764 belli
1097 740 1139 764 ac
1166 728 1287 764 nefarii
1306 729 1501 778 periculum

154 789 362 840 depellatur.
417 789 586 826 “Dicatur
613 802 698 826 sane
733 789 865 839 ejectus
894 802 968 826 esse
1001 803 1023 826 a
1054 803 1123 836 me,
1153 790 1353 828 dummodo
1381 797 1440 829 eat
1466 793 1500 829 in

154 853 324 890 exsilium.
379 853 452 890 Sed
470 853 558 889 mihi
578 853 720 899 credite,
740 866 812 889 non
832 857 884 890 est
910 852 1030 890 itums.
1084 853 1282 904 Nunquam
1309 868 1377 905 ego
1396 869 1418 892 a
1437 857 1502 893 diis

153 916 412 954 immortalibus
438 917 581 967 optabo,
602 916 764 963 Qujm'tes,
791 916 932 953 inw’diae
960 930 1051 953 meac
1078 917 1240 954 levandae
1268 931 1384 965 causa,
1404 925 1444 956 ut
1464 920 1502 957 L.

155 979 345 1016 Catilinam
373 980 503 1016 ducere
531 979 725 1016 exereitum
752 979 920 1025 hostium,
938 984 1045 1029 atque
1073 980 1109 1016 in
1138 981 1243 1017 armis
1271 982 1413 1019 volitare
1443 996 1503 1020 au-

155 1042 278 1089 diatis3
306 1042 370 1079 sed
401 1042 519 1080 triduo
551 1046 673 1079 tamen
702 1042 873 1079 audietis:
901 1042 1086 1092 multoque
1119 1043 1235 1093 magis
1266 1044 1355 1082 illud
1382 1045 1501 1093 timeo,

155 1105 222 1142 'ne
249 1105 337 1141 mihi
364 1105 409 1141 sit
435 1100 650 1142 invidiosum
679 1105 881 1155 aliquando,
913 1106 1012 1155 quod
1043 1106 1143 1142 illum
1171 1107 1346 1143 emiserim
1376 1109 1501 1158 potius,

155 1181 268 1218 quam
296 1168 395 1218 quod
423 1167 595 1218 ejecerim.
649 1168 722 1204 Sed
742 1181 856 1217 quum
875 1168 945 1204 sint
963 1168 1134 1215 homines
1154 1169 1216 1219 qui
1235 1170 1344 1217 illum,
1366 1171 1501 1221 Β(11111111

152 1230 330 1280 profectus
356 1230 408 1276 sit,
429 1230 582 1280 ejectum
610 1243 684 1267 esse
709 1230 838 1276 dicant,
857 1230 978 1277 iidem,
997 1231 1025 1267 si
1052 1231 1255 1269 interfectus
1283 1239 1384 1280 esset,
1413 1235 1499 1284 quid

155 1293 337 1330 dicerent?
395 1296 452 1330 16.
481 1293 737 1342 ⁹Quamquam
766 1293 831 1338 isti,
852 1293 912 1343 (1111
934 1293 1125 1330 Catilinam
1145 1294 1337 1333 Massiliam
1362 1297 1411 1334 ire
1431 1298 1502 1335 dic-

153 1354 269 1401 titant,
287 1367 358 1392 non
377 1359 453 1392 tam
472 1355 542 1392 hoc
562 1360 766 1405 queruntur,
787 1368 898 1405 quam
919 1363 1092 1394 verentur.
1145 1357 1266 1395 Nemo
1285 1364 1338 1396 est
1356 1359 1502 1397 istorum

157 1417 268 1454 ¹⁰tam
288 1417 491 1464 misericors,
511 1418 572 1467 qui
596 1418 697 1454 illum
724 1431 796 1455 non
812 1418 859 1455 ad
876 1418 1057 1456 Manlium
1071 1433 1183 1469 quam
1203 1421 1250 1458 ad
1269 1421 1502 1461 Massilienses

155 1479 204 1516 ire
224 1473 342 1516 malit.
395 1480 459 1517 Ille
490 1486 622 1525 autem,
641 1480 668 1516 si
695 1480 899 1518 mehercule
931 1481 1045 1527 ¹¹hoc,
1078 1483 1175 1531 quod
1204 1483 1287 1533 agit,
1315 1497 1502 1535 nunquam

157 1547 238 1580 ante
260 1542 456 1592 cogitasset,
476 1547 598 1580 tamen
618 1542 887 1580 latrocinantem
906 1557 943 1580 se
963 1544 1109 1582 interfici
1129 1545 1261 1592 mallet,
1274 1559 1384 1596 quam
1405 1561 1502 1586 exsu-

155 1605 228 1643 lem
264 1605 390 1642 vivere.
444 1605 553 1642 Nunc
590 1618 682 1651 vcro,
711 1619 825 1656 quum
863 1606 895 1642 ei
934 1606 1021 1643 nihil
1052 1607 1172 1645 adhuc
1201 1609 1365 1658 1²praeter
1396 1611 1502 1661 ipsius

154 1668 374 1706 voluntatem
402 1668 725 1719 cogitationemque
751 1669 926 1715 acciderit,
947 1669 1011 1706 nisi
1034 1671 1133 1720 quod
1153 1671 1237 1708 vivis
1264 1673 1366 1710 nobis
1386 1674 1503 1712 Roma

154 1731 329 1782 profectus
348 1735 410 1778 est,
429 1736 594 1781 optemus
613 1731 738 1782 potiuS,
757 1736 798 1768 ut
816 1736 875 1768 eat
892 1732 929 1768 in
949 1733 1117 1779 exsilium,
1137 1746 1249 1783 quam
1269 1748 1471 1785 queramur.

233 1793 334 1830 VIII.
391 1793 450 1831 17,
477 1793 551 1831 Sed
570 1807 633 1831 cur
659 1794 799 1831 tamdiu
827 1794 872 1832 de
902 1807 974 1832 uno
997 1794 1099 1833 hoste
1129 1796 1317 1846 loquimur,
1338 1798 1438 1837 etde
1459 1813 1502 1838 eo

154 1855 266 1903 hoste,
285 1856 348 1906 qui
361 1856 439 1906 jam
457 1856 588 1894 fatetur
605 1870 642 1893 se
663 1870 737 1894 esse
756 1856 906 1904 hostem,
926 1862 962 1894 et
990 1871 1110 1908 quem,
1131 1860 1225 1909 quia,
1246 1861 1343 1910 quod
1362 1875 1503 1913 semper

112 1939 115 1942 v
154 1918 258 1965 volui,
277 1931 399 1955 murus
417 1919 570 1966 interest,
584 1932 656 1956 non
675 1919 804 1956 timeo:
824 1920 870 1957 de
890 1920 954 1966 his,
969 1921 1028 1970 qui
1045 1921 1277 1970 dissimulant,
1293 1924 1353 1973 qui
1374 1925 1500 1963 Romae

154 1985 350 2028 remanent,
370 1981 431 2031 qui
458 1982 644 2019 nobiscum
672 1986 763 2028 sunt,
782 1982 869 2019 nihil
899 1983 1075 2021 dicimus?
1129 1984 1226 2028 Quos
1246 1986 1393 2036 quidem
1423 2001 1500 2037 ego,

155 2043 183 2079 si
203 2043 274 2080 ullo
300 2044 411 2081 modo
429 2044 503 2082 fieri
521 2045 638 2094 possit,
657 2058 729 2082 non
755 2050 831 2082 tam
862 2046 980 2083 ulcisci
1002 2047 1130 2084 studeo
1149 2061 1261 2098 quam
1288 2061 1422 2096 sanare,
1445 2051 1453 2067 ¹
1466 2055 1500 2088 et

155 2105 247 2155 ipsos
265 2105 406 2155 placare
435 2107 484 2144 rei
504 2107 676 2157 publicae3
704 2121 822 2158 neque
852 2108 890 2146 id
920 2122 1031 2159 quare
1061 2110 1132 2147 ficri
1162 2124 1233 2147 non
1252 2112 1415 2161 possit,‚si
1441 2126 1499 2151 me

156 2166 278 2205 audire
298 2168 425 2215 volent,
442 2169 610 2220 intelligo.
663 2170 849 2220 Exponam
878 2171 972 2209 enirn
993 2173 1089 2209 vobis
1118 2173 1279 2219 Quirites,
1300 2187 1343 2210 ex
1371 2175 1501 2224 quibus

155 2230 344 2280 generibus
381 2230 568 2268 hominum
596 2232 693 2270 ²istae
726 2233 837 2283 copiae
875 2240 1146 2284 comparentur:
1175 2235 1323 2273 ³dcinde
1355 2237 1500 2287 singulis

155 2292 373 2330 medicinam
398 2294 532 2331 consilii
560 2300 669 2345 atque
697 2297 862 2333 orationis
886 2310 987 2342 meae,
1006 2298 1032 2333 si
1062 2311 1172 2347 quam
1192 2303 1324 2348 potero,
1346 2300 1501 2339 afferam.

159 2358 218 2393 18.
244 2347 371 2393 Unum
398 2368 511 2406 genus
542 2362 596 2395 est
622 2371 756 2406 eorum,
776 2359 836 2409 qui
863 2359 1018 2409 ⁴1nagno
1046 2360 1084 2396 in
1109 2372 1177 2398 aere
1207 2361 1322 2400 alieno
1351 2363 1501 2413 majores
