1596 2643
89 157 110 189 6
505 165 643 190 ORATIO
671 165 694 189 1.
723 165 764 188 m
793 164 1010 190 CATILINAM.

86 267 191 304 furori
217 271 280 304 t-uo
298 280 370 304 non
389 271 549 304 mentem
577 267 735 316 aliquam
754 271 817 303 aut
837 267 1000 304 timorem
1027 271 1140 314 tuum,
1159 267 1223 304 sed
1248 267 1427 304 fortunam

86 330 206 379 populi
224 330 377 366 Romani
397 329 595 367 obstitisse?
649 329 721 366 ΒΑο
742 329 820 380 jam
846 329 906 366 illa
933 330 1058 366 omitto
1078 328 1210 379 (neque
1230 330 1327 366 enim
1345 333 1428 366 sunt

86 396 149 427 aut
167 392 316 428 obscura
336 396 397 427 aut
415 404 487 428 non
506 391 620 428 multa
638 396 718 441 post
737 390 939 442 commissa)
954 404 962 428 :
991 391 1153 442 quotiens
1176 396 1216 427 tu
1234 404 1294 428 1116
1314 391 1429 441 (1651,-

85 458 222 498 natum,
243 453 403 502 quotiens
432 452 613 490 consulem
640 453 833 490 interficere
861 458 1006 490 conatus
1026 454 1083 490 oe!
1137 453 1243 497 Quod
1263 466 1330 503 ego
1349 458 1428 489 tuas

87 515 294 565 ”petitiones
330 515 381 551 ita
418 514 603 564 conjectas,
634 520 676 551 ut
706 515 805 551 vitari
842 528 942 564 posse
974 528 1046 552 non
1077 515 1289 560 viderentur,
1321 528 1430 564 parva.

86 578 244 627 quadam
275 577 519 624 declinatione,
543 582 587 623 et,
616 582 657 613 ut
689 577 796 623 aiunt,
827 590 969 627 corpore
998 577 1125 627 effugi!
1181 577 1314 613 ”Nihil
1344 577 1428 625 agis,

85 641 172 676 nihil
191 640 393 690 assequeris,
411 640 498 676 nihil
517 640 658 686 moliris,
677 653 794 690 neque
822 645 943 677 tamen
972 641 1087 677 conari
1114 653 1155 677 ao
1175 640 1262 677 velle
1284 640 1429 677 (16515115.

90 707 146 739 16.
174 703 346 746 Quotiens
369 703 434 740 tibi
457 703 534 753 jam
554 708 688 740 extorta
708 709 760 740 est
778 703 850 740 sica
868 704 935 740 ista
955 704 1000 740 de
1019 704 1206 740 manibus!
1260 703 1429 746 Quotiens

86 777 168 812 vero
192 766 320 802 excidit
349 778 432 802 63511
460 765 578 815 aliquo
605 770 642 802 et
669 765 789 815 elapsa
817 766 889 802 est!
942 766 1079 802 Tamen
1099 779 1141 802 ea
1160 778 1276 802 carere
1298 765 1429 802 diutius

85 839 156 864 non
176 832 296 877 potes:
319 828 344 844 ¹¹
355 840 437 877 quae
458 828 605 877 quidem
616 827 750 877 ‘quibus
769 828 833 864 abs
851 833 887 864 te
899 828 1037 864 initiata
1055 828 1160 864 sacris
1174 841 1216 864 ac
1229 828 1357 864 devota
1376 827 1428 872 sit,

85 890 213 935 1165610,
233 891 331 940 quod
350 903 431 927 eam
451 903 592 927 neceffie
611 895 715 940 putas
734 903 808 927 esse
827 890 865 926 in
884 890 1033 928 consulis
1053 903 1195 940 corpore
1216 890 1380 940 defigere.

164 953 247 990 VH.
300 952 408 990 Nunc
439 966 532 999 vero,
566 966 647 1003 quae
679 958 743 990 tua
775 958 828 990 est
858 953 925 990 ista
957 953 1054 990 vita?
1115 953 1193 989 ι516
1228 953 1324 988 6111111
1351 952 1430 1002 jam

86 1020 205 1052 tecum
224 1015 358 1066 loquar,
377 1029 449 1053 non
468 1021 508 1052 ut
527 1017 609 1053 odio
627 1022 808 1066 permotus
828 1029 901 1053 6556
922 1016 1051 1062 videar,
1072 1029 1143 1066 quo
1162 1016 1288 1062 debeo,
1307 1016 1371 1052 sed
1392 1020 1431 1052 ut

86 1078 335 1124 misericordia,
354 1091 435 1128 quae
455 1079 520 1115 tibi
539 1078 637 1115 nulla
657 1079 818 1116 debetur.
871 1079 1008 1115 Venisti
1027 1079 1146 1128 paullo
1165 1084 1247 1115 ante
1272 1079 1307 1114 in
1332 1091 1430 1115 sena—

86 1144 175 1177 tum.
239 1140 325 1184 Quis
354 1146 390 1178 te
420 1154 464 1177 ex
492 1141 562 1178 hac
591 1147 691 1178 tanta
719 1141 926 1191 frequentia,
956 1147 1009 1178 tot
1039 1154 1082 1178 ex
1111 1141 1180 1177 tuis
1210 1140 1354 1177 ²amieis
1387 1153 1430 1177 ac

86 1203 286 1240 necessaliis
313 1203 500 1240 salutavit?
565 1204 602 1240 Si
629 1203 698 1240 1100
724 1209 803 1253 post
829 1203 1017 1240 hominum
1044 1204 1255 1241 memoriam
1283 1203 1431 1253 contigit

86 1266 229 1311 nemini,
251 1265 366 1302 Β10615
385 1271 566 1315 exspectas
586 1265 848 1312 contumeliam,
868 1279 982 1316 quum
1000 1266 1045 1302 sis
1068 1266 1274 1316 graviaeimo
1297 1266 1430 1317 judicio

87 1328 332 1365 taciturnitatis
359 1330 566 1379 oppressus?
620 1329 750 1375 ⁴Quid‚
771 1329 869 1379 quod
897 1329 1055 1366 adventu
1082 1335 1145 1366 tuo
1172 1329 1239 1366 ista
1265 1329 1432 1366 subsellia

87 1391 291 1427 vacuefacta
322 1392 430 1428 sunt?
472 1392 569 1441 quod
600 1404 724 1428 omnes
757 1391 964 1438 consulares,
997 1392 1057 1442 qui
1090 1392 1154 1429 tibi
1188 1404 1345 1441 persaepe
1383 1391 1430 1428 ad

88 1453 226 1490 caedem
247 1454 424 1490 constituti
442 1454 591 1499 fuerunt,
611 1453 716 1490 simul
736 1459 843 1503 atque
864 1454 1033 1500 assedisti,
1053 1460 1191 1503 partem
1218 1454 1322 1490 istam
1350 1454 1430 1491 sub-

87 1516 264 1552 selliorum
282 1517 420 1553 nudam
440 1522 547 1566 atque
566 1516 711 1552 inanem
730 1516 954 1566 reliquerunt,
967 1530 1038 1566 quo
1056 1517 1204 1553 tandem
1225 1517 1344 1554 animo
1364 1517 1431 1554 hoc

87 1578 152 1615 tibi
171 1578 355 1615 serendum
382 1580 510 1629 putas?
567 1579 625 1616 17.
653 1578 750 1616 Servi
769 1578 973 1616 mehercule
992 1579 1062 1616 mei
1089 1579 1117 1615 si
1141 1592 1201 1615 1116
1222 1579 1308 1616 51510
1327 1584 1432 1629 pacto

87 1646 297 1687 metuerent,
309 1646 349 1677 ut
367 1646 402 1678 te
417 1647 582 1678 metuunt
601 1655 724 1679 omnae
740 1642 832 1679 cives
851 1642 913 1687 tui,
928 1642 1079 1679 domum
1098 1654 1219 1678 meam
1233 1641 1431 1691 relinquen-

88 1703 175 1740 dam
206 1709 394 1753 putarem:
432 1710 472 1740 tu
503 1705 568 1741 tibi
595 1705 723 1741 urbem
750 1717 822 1741 non
854 1704 1057 1741 arbitraris?
1120 1703 1175 1750 Et,
1200 1704 1230 1740 si
1255 1716 1315 1740 me
1342 1704 1431 1740 meis

89 1766 223 1803 civibus
246 1766 392 1816 ⁵injm'ia
419 1772 623 1816 suspectum
650 1771 726 1803 tam
753 1767 908 1816 graviter
934 1771 1042 1816 atque
1069 1766 1243 1803 offensum
1262 1767 1430 1813 viderem,

89 1841 206 1865 carere
234 1841 293 1865 me
322 1829 494 1878 adspectu
522 1829 661 1874 cixium,
682 1842 792 1879 quam
818 1828 950 1867 infestis
969 1828 1078 1866 oculis
1097 1829 1258 1866 omnium
1278 1829 1429 1879 conspici

89 1891 255 1928 mallem:
283 1896 333 1937 tu,
358 1905 472 1941 quum
500 1892 713 1929 conscientia
738 1892 912 1929 scelerum
939 1897 1081 1928 tuorum
1110 1905 1280 1942 agnoscas
1308 1892 1431 1930 odium

89 1954 250 1991 omnium
273 1954 411 2004 justum
430 1959 466 1991 et
486 1955 564 2005 jam
583 1955 645 1992 diu
663 1955 728 1992 tibi
748 1955 921 2001 debitum,
942 1955 1094 2001 dubitas,
1113 1968 1265 2005 quorum
1292 1960 1432 1993 mentes

89 2029 281 2066 sensusque
301 2016 473 2063 vulneras,
494 2030 617 2054 eorum
645 2017 855 2067 adspectum
882 2017 1179 2067 praesentiamque
1206 2018 1341 2055 vitare?
1394 2018 1432 2055 Si

90 2084 125 2115 te
156 2084 319 2128 parentes
349 2079 516 2116 timerent
549 2084 656 2130 atque
688 2080 843 2117 odissent
873 2080 939 2127 tui,
956 2092 1073 2130 neque
1103 2093 1162 2117 eos
1192 2080 1265 2116 ulla
1297 2081 1431 2118 ratione

90 2141 228 2190 placare
248 2154 376 2191 1105565,
395 2146 436 2178 ut
454 2141 586 2191 opinor,
606 2142 653 2179 ab
673 2155 796 2179 eorum
815 2142 924 2179 oculis
943 2141 1061 2192 aliquo
1080 2142 1308 2180 concederes:
1336 2156 1432 2180 nunc

91 2209 126 2240 16
157 2205 280 2253 patria,
313 2218 394 2254 quae
425 2205 624 2242 communis
654 2210 707 2242 est
735 2205 897 2242 omnium
929 2210 1088 2242 nostrum
1117 2218 1253 2255 parens,
1283 2206 1359 2242 odit
1390 2218 1432 2242 ac

90 2267 296 2312 metuit‚⁷et
318 2267 460 2317 jamdiu
477 2272 514 2304 te
533 2267 619 2304 nihil
642 2267 780 2317 judicat
806 2267 872 2303 nisi
897 2267 943 2304 de
961 2268 1148 2317 parricidio
1175 2281 1240 2305 suo
1267 2268 1431 2317 cogitare.

92 2328 210 2378 Hujus
237 2334 276 2365 tu
304 2342 420 2380 neque
448 2330 693 2368 auctoritatem
712 2331 890 2375 verebere,
904 2343 972 2368 nec
994 2331 1171 2381 judicium
1196 2343 1353 2381 sequere,
1363 2344 1432 2368 1160

91 2391 165 2427 vim
191 2391 440 2441 pertimesces?
496 2397 554 2432 18.
582 2392 695 2438 ⁸Quae
719 2397 850 2440 tecum,
871 2393 1032 2440 Catilina,
1051 2394 1101 2432 516
1120 2394 1203 2444 agit,
1217 2399 1253 2431 et
1271 2393 1431 2444 quodam
