1596 2643
563 97 701 124 omno
730 98 770 123 11.
798 98 840 122 IN
869 97 1089 122 CATILINAM.
1451 89 1498 124 21

229 201 315 240 ΧΠ.
370 204 429 238 26.
457 200 549 244 Quae
577 213 693 251 quum
721 199 772 236 ita
797 199 876 247 sint,
897 198 1062 246 Quint-es,
1089 212 1161 245 VOS,
1190 201 1502 249 quemadmodum

147 263 223 316 jam
251 269 367 311 antea,
398 268 513 302 vestra
544 268 641 301 tecta
670 262 838 301 custodiis
870 261 1068 313 vigiliisque
1088 262 1291 299 defendite:
1324 263 1442 309 ¹mihi,
1464 270 1502 300 ut

151 327 231 365 urbi
249 327 324 364 sine
343 331 457 365 vestro
476 331 586 374 motu,
596 340 639 364 ac
657 326 731 364 sine
751 326 825 363 ullo
842 325 1004 363 tumultu
1023 325 1106 362 satis
1131 330 1223 362 esset
1242 324 1403 375 praesidii,
1424 339 1501 362 eon-

149 390 287 426 sultum
319 395 428 440 atque
459 390 639 440 provisum
664 394 727 427 est.
781 389 906 427 Coloni
936 401 1061 426 omnes
1088 388 1360 438 municipesque
1390 380 1502 437 vestri,

151 453 314 490 certiores
342 466 364 490 a
393 466 453 490 me
480 453 562 490 facti
591 454 637 491 de
666 453 736 490 hac
755 453 953 490 ²nocturna
981 451 1185 489 exculsione
1207 451 1379 498 Catilinae,
1403 451 1502 489 facile

152 517 258 553 urbes
276 529 359 553 suas
378 516 538 567 finesque
558 516 776 554 defendent:
797 515 1043 566 ⁸gladiat01eS,
1063 528 1176 565 quam
1195 515 1260 552 sibi
1276 514 1332 551 ille
1352 527 1503 551 manum

152 579 384 615 certissimam
404 578 477 616 fore
491 580 639 629 putavit,
655 592 882 630 quamquam
901 578 1046 616 meliore
1062 578 1182 615 animo
1201 583 1285 614 sunt
1299 591 1412 628 quam
1427 590 1504 628 pars

151 642 390 692 patriciorum,
410 647 586 693 potestate
616 647 741 680 tamen
764 647 885 680 nostra
911 641 1202 679 continebuntur.
1262 641 1306 685 Q.
1331 641 1506 688 Metellus,

152 716 264 754 quem
285 717 354 754 ego
372 704 442 742 1100
471 705 690 755 prospiciens
719 705 758 742 in
787 718 920 756 agrum
941 704 1123 741 Gallicum
1143 704 1398 755 Picenumque
1418 717 1505 754 prae-

151 767 245 814 misi,
265 772 328 804 aut
346 767 528 818 opprimet
557 768 780 815 ⁴hominem,
809 773 874 805 aut
893 768 969 818 ejus
988 781 1114 805 omnes
1143 773 1265 805 motus
1285 773 1508 818 conatusque

152 830 367 880 prohibebit.
419 831 585 883 Reliquis
617 836 742 869 autem
776 832 822 870 de
852 832 961 869 rebus
981 831 1251 878 constituendis,
1272 832 1508 880 maturandis,

153 894 311 944 agendis,
336 894 414 944 jam
434 895 483 932 ad
501 899 668 932 senatum
688 895 895 942 referemus,
916 908 1029 945 quem
1049 894 1169 932 vocari
1190 895 1330 932 videtis.

234 957 293 994 27.
322 957 455 995 ⁵Nunc
484 958 571 1005 illos,
603 958 667 1009 qui
699 958 737 995 in
769 958 859 995 urbe
893 964 1156 1005 remanserunt,
1177 963 1285 1010 atquc
1319 959 1411 997 adeo
1445 960 1509 1011 qui

153 1025 277 1058 contra
295 1021 394 1058 urbis
413 1021 568 1059 salutem
589 1022 829 1072 omniumque
860 1026 1024 1060 nostrum
1055 1021 1092 1058 in
1121 1022 1211 1060 urbe
1232 1036 1254 1059 a
1274 1023 1430 1060 Catilina
1458 1037 1510 1061 re-

152 1083 227 1121 licti
254 1088 348 1131 sunt,
377 1098 605 1135 quamquam
636 1089 722 1122 sunt
750 1084 880 1132 hostes,
904 1089 1039 1131 tamen,
1066 1085 1153 1136 quia
1182 1086 1256 1122 nati
1288 1091 1373 1123 sunt
1403 1087 1508 1135 cives,

152 1145 308 1183 monitos
338 1159 398 1183 eos
426 1146 539 1184 etiam
567 1151 679 1196 atque
707 1146 819 1184 etiam
848 1146 939 1184 volo.
992 1147 1077 1184 Mea
1105 1147 1231 1185 lenitas
1259 1148 1380 1185 adhuc
1399 1149 1428 1185 si
1449 1149 1508 1186 eui

154 1209 322 1247 ‘solutior
349 1210 426 1247 visa
453 1214 516 1257 est,
534 1210 604 1248 hoc
615 1209 847 1260 exspectavit,
857 1215 899 1247 ut
926 1211 974 1258 id,
996 1211 1095 1261 quod
1123 1211 1270 1258 latebat,
1290 1218 1508 1263 erumperet.

154 1272 286 1316 ⁷Quod
304 1272 487 1323 reliquum
508 1278 571 1320 est,
596 1273 675 1323 jam
702 1286 777 1311 non
803 1286 951 1324 possum
975 1273 1135 1311 oblivisci
1164 1287 1287 1311 meam
1316 1275 1411 1313 hanc
1432 1289 1507 1314 esse

153 1335 318 1386 patriam,
338 1349 400 1373 me
423 1335 556 1373 horum
586 1349 661 1374 esse
681 1336 878 1384 consulem,
897 1336 989 1373 mihi
1021 1341 1085 1374 aut
1104 1350 1188 1374 cum
1220 1338 1275 1374 his
1296 1338 1507 1387 vivendum,

154 1402 218 1434 aut
235 1411 301 1448 pro
319 1398 375 1434 his
395 1411 470 1436 esse
490 1398 735 1436 moriendum.
784 1399 916 1435 Nullus
937 1404 990 1436 est
1009 1399 1121 1450 portis
1140 1405 1268 1447 custos,
1289 1401 1408 1438 nullus
1427 1402 1509 1439 insi-

154 1459 272 1498 diator
290 1459 381 1497 viae:
409 1461 438 1496 si
467 1461 530 1511 qui
559 1461 657 1498 exire
685 1461 821 1508 volunt,
842 1462 1033 1499 connivere
1058 1475 1229 1512 possum:
1258 1463 1345 1515 ⁸qui
1366 1478 1452 1503 vero
1470 1479 1508 1503 se

154 1522 190 1559 in
212 1523 302 1560 urbe
321 1523 569 1571 commoverit,
590 1524 691 1574 cujus
719 1536 789 1574 ego
819 1537 890 1561 non
920 1524 1031 1561 modo
1061 1525 1209 1572 factum,
1228 1527 1293 1563 sed
1321 1526 1509 1578 inceptum

154 1585 271 1622 ullum
301 1590 522 1623 conatumve
553 1591 677 1624 contra
708 1586 864 1636 patriam
896 1586 1180 1636 deprehendero,
1213 1588 1344 1626 sentiet
1378 1590 1416 1627 in
1441 1590 1510 1629 hac

154 1649 244 1686 urbe
273 1661 349 1686 esse
369 1649 532 1687 consules
551 1649 754 1700 vigilantes,
775 1662 850 1687 esse
879 1650 1046 1700 egregios
1073 1651 1318 1701 magistratuS,
1339 1667 1414 1691 esse
1442 1654 1510 1693 for-

153 1716 229 1750 tem
257 1717 436 1760 senatum,
455 1725 531 1750 esse
559 1725 671 1760 arma,
692 1725 767 1750 esse
796 1725 987 1759 carcerem,
1009 1726 1121 1763 quem
1147 1714 1330 1753 vindicem
1359 1718 1510 1756 nefario-

154 1789 237 1813 rum
257 1788 300 1813 ac
318 1775 592 1813 manifestorum
612 1775 790 1813 scelerum
809 1776 963 1826 majores
983 1776 1093 1813 nostri
1114 1789 1189 1814 esse
1208 1778 1411 1817 voluerunt.

233 1839 338 1877 XIII.
394 1843 453 1877 28.
480 1839 607 1890 Atque
636 1839 717 1876 haec
748 1839 873 1877 omnia
905 1839 956 1876 sic
988 1844 1154 1890 agentur,
1183 1841 1351 1889 Quirites,
1380 1848 1421 1880 ut
1453 1857 1509 1881 res

153 1902 318 1940 maxima
345 1902 501 1940 minimo
529 1906 644 1949 motu,
670 1902 832 1953 pericula
861 1915 1009 1939 summa
1038 1903 1137 1940 nullo
1167 1904 1340 1952 tumultu,
1370 1906 1508 1944 bellum

154 1965 367 2003 intestinum
395 1979 437 2003 ac
457 1965 701 2003 domesticum
729 1970 810 2016 post
836 1966 1031 2003 hominum
1061 1968 1280 2005 memoriam
1310 1969 1509 2007 erudelissi-

154 2041 259 2065 mum
281 2033 318 2066 et
335 2028 553 2076 maximum,
579 2029 661 2066 ²me
686 2042 760 2067 uno
787 2034 913 2079 togato
933 2029 1025 2067 duce
1047 2034 1085 2067 et
1103 2029 1332 2080 imperatore,
1351 2032 1508 2070 sedetur.

154 2091 166 2108 ²
178 2091 286 2135 Quod
306 2104 376 2141 ego
394 2091 445 2129 510
464 2091 736 2139 administrabo,
751 2091 920 2139 Quirites,
935 2096 986 2140 ut,
1000 2092 1029 2129 si
1049 2092 1122 2130 ullo
1141 2093 1253 2130 modo
1269 2092 1344 2130 fieri
1365 2095 1507 2144 poterit,

155 2166 199 2191 ne
219 2153 408 2204 improbus
427 2153 579 2204 quidem
608 2153 804 2205 quisquam
833 2154 871 2191 in
898 2154 968 2191 hae
995 2154 1085 2192 urbe
1114 2167 1261 2204 poenam
1289 2155 1345 2192 sui
1365 2154 1508 2195 sceleris

153 2217 310 2254 sufferat.
360 2216 434 2254 Sed
451 2216 480 2253 si
500 2216 554 2254 vis
572 2217 772 2255 manifestae
794 2217 967 2264 audaciae,
986 2217 1014 2253 si
1036 2217 1251 2267 impendens
1271 2219 1395 2268 patriae
1416 2221 1508 2270 peri-

154 2279 280 2318 culum
299 2292 361 2316 me
381 2279 580 2318 necessario
608 2280 654 2318 de
681 2280 752 2318 hac
780 2280 893 2317 animi
920 2281 1066 2318 lenitate
1095 2281 1298 2328 deduxerit,
1319 2282 1409 2321 illud
1428 2297 1508 2334 pro-

153 2343 248 2382 fecto
265 2342 462 2394 perficiam,
477 2344 576 2394 quod
594 2343 632 2381 in
650 2347 752 2382 tanto
771 2349 809 2382 et
827 2349 905 2381 tam
925 2344 1095 2382 insidioso
1114 2344 1209 2382 bello
1222 2344 1283 2382 vix
1302 2348 1505 2397 optandum
