1596 2643
136 113 184 146 28
534 122 670 147 ORATIO
698 122 753 147 ΙΙΙ.
781 121 822 146 IN
851 121 1066 147 CATILINAM.

135 234 213 259 tum
233 227 284 260 est
301 223 338 260 in
356 223 395 260 L.
415 223 584 270 Caesium,
604 224 664 274 qui
691 224 757 260 sibi
784 225 1086 273 ⁷procurationem
1112 224 1344 260 incendendae
1371 223 1464 260 mbis

136 285 407 334 depoposcerat:
434 286 471 321 in
490 286 538 322 M.
558 285 770 335 Caeparium,
789 287 844 322 cui
864 287 911 322 ad
935 286 1168 322 sollicitandos
1195 290 1348 335 pastores
1367 286 1464 334 Apu-

137 346 218 383 liam
239 360 312 384 esse
331 347 546 394 attributam,
567 347 663 384 “erat
687 349 904 384 iudicatum:
930 348 967 384 in
985 348 1027 384 P.
1041 348 1070 384 F
1071 348 1196 393 mium,
1212 348 1273 398 qui
1292 353 1345 384 est
1363 360 1407 384 ex
1426 347 1465 382 iis

136 409 274 455 colonis,
295 422 382 459 quos
407 409 560 446 Faesulas
587 409 626 446 L.
646 410 742 447 Sulla
761 410 930 446 deduxit:
957 410 994 446 in
1013 410 1055 453 Q.
1075 410 1249 446 Manlium
1269 409 1464 454 Chilonem,

137 471 197 520 qui
216 484 288 507 una
307 484 389 507 cum
407 471 475 507 hoc
494 471 597 508 Furio
615 485 753 521 semper
773 473 784 489 ⁹
795 477 871 508 erat
897 472 934 508 in
961 472 1028 508 hac
1046 472 1281 521 Allobrogum
1308 471 1466 508 sollicita-

137 532 230 569 tione
260 538 436 569 veisatus:
466 533 502 569 in
531 534 572 570 P.
592 534 830 580 Umbrenum,
853 534 1091 570 ¹⁰libertinum
1119 534 1312 579 hominem,
1343 546 1364 569 a
1395 545 1466 582 quo

136 595 290 643 primum
305 595 423 631 Gallos
442 596 489 632 ad
504 596 695 632 Gabinium
714 596 901 645 perductos
920 608 995 632 esse
1015 595 1207 632 constabat.
1261 599 1318 631 15.
1344 595 1466 644 Atque

139 657 161 672 ¹¹
175 670 215 692 ea
245 657 389 694 lenitate
419 663 560 694 senatus
589 671 671 694 usus
701 664 762 704 est,
783 658 942 704 Quin‘tes,
962 663 1002 694 ut
1031 671 1073 694 ex
1103 662 1202 694 tauta
1221 657 1466 707 conjuratione,

137 723 305 768 tantaque
321 720 354 755 vi
374 733 415 756 ac
428 720 655 757 multitudine
670 721 944 757 domesticorum
957 720 1122 765 hostium,
1137 732 1267 756 novem
1281 719 1466 756 hominum

136 781 448 829 perditissimorum
477 795 583 832 poena
611 795 648 819 re
677 783 819 832 publica
847 787 1062 828 conservata,
1087 781 1303 831 reliquorum
1329 787 1467 817 mentes

136 843 248 879 sanari
267 856 368 893 posse
387 844 622 881 arbitraretur.
674 845 796 895 Atque
816 844 924 881 etiam
945 844 1187 894 12supplicatio
1207 844 1272 880 diis
1290 844 1468 880 immorta-

136 905 235 951 libus,
250 919 312 955 pro
331 907 497 955 singulari
518 920 639 944 eormn
659 908 794 954 merito,
805 921 887 944 meo
905 907 1048 944 nomine
1063 907 1205 944 decreta
1219 911 1280 952 est,
1295 906 1467 952 Quirite83

137 968 234 1016 quod
261 968 349 1003 mihi
378 968 533 1017 primum
562 974 641 1018 post
669 969 762 1005 hanc
792 970 917 1006 urbem
942 969 1123 1006 conditam
1150 973 1274 1017 togato
1301 968 1467 1017 contigit:

136 1035 172 1065 et
200 1029 253 1065 his
281 1030 423 1066 decreta
450 1031 564 1067 verbis
591 1036 653 1077 est,
681 1031 790 1074 Quon
824 1044 951 1068 URBEM
979 1042 1182 1076 Ixcnxnns,
1211 1042 1320 1066 CAEDE
1349 1042 1467 1076 crvns,

136 1090 294 1127 ITALIAM
331 1105 446 1129 BELLo
484 1105 722 1130 LIBERASSEM.
787 1093 912 1137 ¹³erae
943 1093 1148 1143 supplicatio
1177 1092 1205 1128 si
1235 1105 1317 1128 cum
1347 1092 1468 1129 ceteris

136 1154 444 1203 supplicationibus
463 1155 667 1202 conferatur,
688 1156 848 1201 Quirites,
867 1155 935 1192 hoc
953 1155 1096 1201 intersit,
1118 1155 1214 1204 quod
1233 1159 1358 1191 ceterae
1377 1154 1468 1191 bene

136 1221 248 1265 gesta,
262 1216 341 1252 haee
359 1229 441 1263 una,
456 1222 659 1254 conservata
676 1230 715 1254 re
734 1217 883 1267 publica,
899 1217 1088 1254 constituta
1107 1221 1167 1253 est.
1208 1216 1357 1266 1⁴Atque
1371 1216 1468 1262 illud,

137 1279 234 1327 quod
252 1278 455 1315 faciendum
473 1279 627 1328 primum
646 1279 721 1325 fuit,
741 1279 874 1315 factum
893 1284 1000 1329 atque
1020 1283 1236 1315 transactum
1256 1283 1317 1315 est.
1370 1277 1468 1314 Nam

136 1341 177 1378 P.
197 1341 374 1387 Lentulus,
395 1354 615 1392 quamquam
644 1342 841 1391 patefactus
867 1342 1002 1378 indiciis
1030 1346 1066 1378 et
1092 1341 1363 1378 confessionibus
1388 1341 1468 1387 suis,

133 1404 265 1454 judicio
283 1410 434 1450 senatus,
450 1417 520 1441 non
539 1405 648 1441 modo
667 1405 825 1454 praetoris
840 1404 906 1454 jus,
919 1417 1043 1441 verum
1063 1404 1172 1441 etiam
1192 1404 1274 1439 civis
1294 1403 1467 1449 amiserat,

136 1472 257 1503 tamen
276 1467 489 1516 magist-ratu
508 1479 545 1503 se
565 1466 764 1503 abdjcau't:
792 1467 877 1511 ¹⁵ut,
898 1479 978 1516 quae
997 1466 1119 1515 religio
1134 1465 1174 1502 C.
1187 1465 1309 1510 Mario,
1329 1465 1470 1501 clarissi-

136 1541 196 1565 mo
215 1528 298 1574 viro,
318 1541 389 1565 non
407 1529 530 1575 fuerat,
551 1542 622 1579 quo
641 1529 758 1565 minus
778 1528 818 1565 C.
833 1529 1031 1575 Glauciam,
1052 1528 1098 1565 de
1119 1541 1190 1578 quo
1208 1527 1294 1564 nihil
1312 1527 1470 1564 nomina-

139 1591 201 1626 tim
221 1596 296 1627 erat
316 1591 511 1637 decretum,
531 1597 720 1641 praetorem
739 1591 926 1638 occideret,
948 1604 991 1628 ea
1008 1603 1071 1627 nos
1089 1589 1255 1639 religione
1274 1589 1311 1626 in
1331 1589 1470 1639 privato

136 1653 178 1689 P.
197 1653 348 1690 Lentulo
366 1653 545 1703 puniendo
564 1654 800 1690 liberaremur.

212 1715 294 1752 VH.
343 1719 400 1752 16.
422 1715 528 1752 Nunc
553 1716 729 1766 quoniam,
742 1716 902 1762 Quintes,
916 1714 1168 1752 sceleratissimi
1178 1713 1469 1764 periculosissimi-

138 1791 207 1828 que
226 1778 310 1815 belli
328 1778 476 1815 nefarios
495 1779 602 1815 duces
624 1779 633 1795 ¹
645 1783 764 1828 captos
785 1779 861 1828 jam
880 1783 917 1814 et
935 1777 1205 1827 comprehensos
1224 1776 1363 1823 tenetis,
1383 1777 1469 1813 exis-

137 1841 266 1877 timare
287 1841 433 1886 debetis,
453 1853 576 1877 omnes
596 1840 755 1877 Catilinae
776 1840 902 1890 copias,
921 1852 1043 1876 omnes
1069 1852 1148 1888 spes
1175 1844 1284 1888 atque
1303 1851 1396 1888 opes,
1414 1838 1469 1875 his

139 1903 290 1953 depulsis
315 1902 410 1939 urbis
431 1902 604 1952 periculis,
623 1902 824 1939 concidisse.
876 1901 1018 1944 ²Quem
1038 1901 1184 1951 quidem
1203 1913 1273 1950 ego
1293 1913 1405 1950 quum
1424 1913 1468 1937 ex

139 1967 227 2003 urbe
253 1965 441 2016 pellebam,
459 1965 528 2002 hoc
556 1964 789 2014 providebam
819 1964 946 2010 animo,
968 1963 1130 2009 Quirites,
1158 1967 1296 1999 remoto
1318 1962 1469 1999 Catilina

139 2042 209 2065 non
235 2028 324 2064 mihi
351 2040 424 2065 esse
451 2028 493 2064 P.
512 2026 653 2064 Lentuli
678 2026 875 2071 ³somnum,
893 2039 960 2063 nee
986 2025 1025 2062 L.
1045 2025 1153 2062 Cassii
1172 2025 1325 2074 adipem,
1344 2037 1409 2061 nee
1429 2025 1468 2061 C.

139 2091 292 2140 Cethegi
322 2090 489 2127 furiosam
518 2089 757 2126 temeritatem
783 2089 1110 2139 pertimescendam.
1164 2087 1248 2124 4Ille
1277 2092 1353 2124 erat
1378 2100 1468 2123 unus

138 2153 318 2190 timendus
337 2166 382 2189 ex
400 2152 454 2189 his
473 2151 646 2198 omnibus,
659 2151 724 2188 sed
742 2151 889 2197 tamdiu,
904 2151 992 2187 dum
1010 2150 1188 2186 moenibus
1206 2149 1302 2186 urbis
1316 2149 1469 2186 contine-

143 2216 253 2252 batur.
304 2214 436 2252 Omnia
454 2219 565 2261 norat,
587 2214 768 2251 ⁶omnium
787 2213 903 2250 aditus
921 2212 1087 2259 tenebat,
1116 2212 1302 2262 appellare,
1321 2216 1468 2257 tentare,

138 2277 321 2314 sollicitare
351 2282 499 2327 poterat,
520 2275 697 2322 audebat3
725 2279 802 2312 erat
827 2275 859 2312 ei
886 2274 1068 2312 consilium
1095 2274 1142 2311 ad
1166 2274 1300 2310 facinus
1323 2277 1468 2322 aptum3

140 2341 278 2377 consilio
299 2345 419 2377 autem
438 2351 555 2389 neque
573 2338 705 2388 lingua,
724 2350 842 2388 neque
860 2350 986 2374 manus
1006 2337 1149 2384 deerat3
1172 2337 1249 2386 jam
1267 2336 1315 2373 ad
1335 2336 1469 2372 ⁶certas
