1596 2643
735 531 804 562 IN

211 662 1321 739 L.·CATILINAM

510 836 1020 893 ORATH)SECUNDA,

420 979 544 1028 AD
609 980 1109 1040 QUIRITES.

591 1136 940 1156 ——⁴4§.—-

168 1250 196 1288 Ι.
252 1254 284 1287 1.
313 1250 499 1287 ¹TA1<mm
530 1250 733 1301 aliquando,
763 1251 926 1298 Quin'tes,
958 1251 998 1288 L.
1027 1251 1226 1298 Catilinam,
1257 1251 1432 1289 furentem

90 1313 249 1360 audacia,
267 1312 380 1350 scelus
399 1313 637 1360 anhelantem,
655 1319 795 1363 pestem
814 1314 936 1364 patriae
955 1313 1086 1351 nefarie
1105 1313 1320 1360 molientem,
1334 1313 1433 1351 vobis

90 1380 198 1425 atque
218 1375 302 1413 huic
320 1375 400 1412 urbi
421 1375 511 1413 ferro
529 1375 746 1426 flammaque
766 1376 1001 1422 minitantem,
1021 1389 1063 1412 ex
1082 1376 1172 1413 urbe
1192 1375 1247 1412 vel
1266 1376 1433 1426 ejecimus

89 1437 146 1474 vel
177 1438 369 1484 emisimus,
391 1437 447 1475 vel
483 1438 602 1488 ipsum
640 1438 883 1488 egredientem
915 1438 927 1455 ²
939 1438 1053 1475 verbis
1088 1438 1265 1487 prosecuti
1301 1450 1431 1475 sumus-

90 1499 215 1547 ³Abiit,
235 1500 388 1547 excessit,
409 1501 528 1546 evasit,
548 1501 672 1550 erupit.
725 1500 837 1537 Nulla
859 1501 937 1551 jam
963 1500 1134 1550 pernicies
1153 1512 1175 1536 a
1191 1504 1349 1537 monstro
1374 1499 1434 1537 illo

89 1567 196 1612 atque
215 1562 377 1612 prodigio
395 1562 575 1600 moenibus
601 1563 684 1612 ipsis
710 1562 803 1599 intra
828 1562 962 1600 moenia
986 1562 1258 1612 comparabitur.
1311 1563 1433 1612 Atque

87 1623 184 1661 hunc
203 1624 353 1674 quidem
371 1637 487 1661 unum
505 1624 611 1675 hujus
630 1625 713 1662 belli
733 1624 918 1662 domestici
933 1624 1065 1662 ducem
1084 1624 1180 1661 ⁴sine
1200 1624 1432 1661 controversia

88 1687 246 1724 vicimus.
298 1687 385 1724 Non
412 1687 509 1724 enim
531 1687 610 1737 jam
636 1687 727 1724 inter
752 1687 866 1724 latera
888 1692 1007 1724 nostra
1026 1686 1119 1723 ‘sica
1136 1686 1197 1722 illa
1215 1686 1431 1724 versabitur:

87 1762 160 1786 non
177 1749 215 1785 in
234 1761 372 1798 campo,
391 1761 464 1785 non
481 1749 520 1785 in
537 1749 620 1795 foro,
638 1762 711 1786 non
729 1749 765 1786 in
785 1749 891 1795 curia,
909 1761 982 1786 non
1001 1748 1156 1799 denique
1174 1748 1268 1786 intra
1293 1749 1432 1786 domes-

87 1812 174 1849 ticos
200 1811 351 1861 parietes
378 1811 678 1861 pertimescemus.
733 1811 850 1848 ‘Loco
867 1811 925 1848 ille
943 1816 1064 1848 motus
1083 1816 1145 1858 est,
1165 1824 1282 1861 quum
1309 1816 1362 1849 est
1387 1825 1431 1849 ex

87 1874 177 1910 urbe
196 1872 376 1923 depulsus,
429 1872 559 1909 Palam
581 1873 659 1923 jam
686 1886 773 1910 cum
799 1873 911 1920 hoste,
931 1873 1028 1910 nullo
1046 1873 1273 1923 impediente,
1292 1874 1430 1911 bellum

83 1936 223 1986 justum
243 1948 421 1985 geremus,
473 1935 558 1972 Sine
577 1936 690 1973 dubio
708 1936 930 1986 perdidimus
955 1936 1141 1973 hominem
1166 1937 1430 1987 magnificeque

87 1999 246 2045 vicimus,
274 2011 390 2049 quum
417 1998 521 2034 illum
548 2011 593 2035 ex
619 1998 765 2036 occultis
791 1998 923 2036 insidiis
950 1999 988 2035 in
1015 2004 1180 2049 apertum
1206 1998 1430 2037 latrocinium

88 2061 314 2111 conjecimus.
369 2064 402 2097 2.
430 2060 561 2104 ⁷Qu0d
585 2074 667 2098 vero
693 2074 766 2098 non
791 2066 981 2098 cruentum
1007 2074 1230 2108 mucronem,
1249 2066 1290 2098 ut
1309 2060 1429 2108 voluit,

88 2123 221 2169 extulit⁷
241 2123 341 2173 quod
359 2122 444 2159 vivis
471 2123 573 2159 nobis
600 2135 760 2173 egressus
787 2128 848 2170 est,
868 2123 968 2173 quod
994 2123 1027 2160 ei
1053 2123 1187 2160 ferrum
1214 2136 1234 2160 e
1261 2123 1429 2161 manibus

88 2185 304 2231 extorsimus,
325 2185 424 2235 quod
449 2184 646 2222 incolumes
673 2185 774 2232 cives,
799 2186 899 2236 quod
925 2190 1081 2222 stantem
1108 2186 1238 2223 urbem
1265 2185 1427 2235 reliquit:

88 2253 222 2296 quanto
240 2248 390 2285 tandem
408 2247 510 2284 illum
527 2260 676 2285 maerore
696 2261 770 2286 eaee
785 2248 957 2285 afflictum
977 2252 1013 2285 et
1025 2248 1254 2298 profligatum
1273 2248 1427 2298 putatis?

86 2308 109 2345 J
112 2313 190 2345 acet
207 2309 264 2346 ille
283 2323 380 2367 nupc
398 2314 665 2360 prostratusque
683 2315 746 2357 est,
765 2315 802 2347 et
818 2323 856 2347 se
876 2310 1100 2361 ‘'perculsum
1120 2316 1229 2361 atque
1247 2311 1427 2360 abjectum

87 2382 162 2407 esse
188 2372 303 2415 sentit,
320 2370 587 2423 et*'⁹ret0rq-1et
615 2372 737 2409 oculos
767 2372 925 2423 profecto
954 2385 1051 2423 saepe
1082 2373 1131 2410 ad
1161 2373 1257 2410 hano
1287 2372 1426 2418 urbem,
