1596 2643
94 150 139 183 16
501 159 637 183 ORATIO
666 160 704 184 11.
733 160 775 183 IN
803 158 1020 184 CAT1L1NAM.

91 261 183 298 bello
210 262 340 299 ducem
359 262 530 311 profiteor,
550 261 723 308 Quirites;
750 262 900 311 suscipio
926 262 1124 298 inimicitias
1144 262 1329 298 hominum
1352 274 1427 312 per-

90 323 253 360 ditorum.
308 323 397 366 Quae
425 323 538 358 sanari
566 327 740 371 poterunt,
761 336 974 372 quacunque
998 323 1131 360 ratione
1160 324 1316 360 sanabo:
1345 336 1426 372 quae

90 387 283 423 resecanda
302 390 413 431 erunt,
425 398 496 422 11011
514 386 628 435 patiar
646 386 693 422 ad
712 386 903 435 perniciem
916 386 1061 423 cixdtatis
1080 399 1236 423 manere.
1273 386 1427 423 Proinde

90 454 152 484 aut
172 448 342 493 ¹⁴exeant,
363 452 424 484 aut
447 448 639 497 quiescant,
660 453 730 493 aut,
749 448 777 484 si
798 453 834 484 et
861 448 898 484 in
925 449 1013 485 urbe
1041 453 1077 485 et
1100 449 1137 484 in
1155 449 1284 491 eadem
1307 454 1427 485 mente

89 515 306 560 permanent,
327 524 379 555 ea,
399 522 479 559 quae
500 515 687 555 ψει-’,9111111
690 514 919 565 exspectent.

167 573 230 609 VI.
288 577 345 609 12.
373 573 423 608 At
451 573 559 609 etiam
593 573 704 618 ¹sunt,
738 573 798 622 qui
827 573 956 618 dicant,
985 572 1145 618 Quirites,
1174 586 1195 608 a
1222 586 1281 609 me
1308 573 1345 608 in
1373 586 1428 608 ex-

89 635 204 670 silium
225 635 377 684 ejectum
397 647 470 671 esse
487 634 687 670 Catilinam.
735 635 841 678 Quod
862 647 930 684 ego
948 635 975 670 si
995 635 1133 671 verbo
1123 635 1260 684 assequi
1280 647 1429 684 possem,

76 697 172 733 'istos
191 697 282 746 ipsos
301 697 473 747 ejicerem,
494 697 554 746 qui
574 697 653 733 haec
680 697 880 746 loquuntur,
934 697 946 713 ²
961 697 1083 734 Homo
1102 697 1265 734 w'delicet
1284 697 1428 733 timidus

90 764 151 795 aut
182 759 290 795 etiam
322 759 566 808 permodestus
599 772 722 795 vocem
756 759 904 796 consulis
933 759 1021 796 ferre
1054 768 1125 796 non
1152 759 1287 808 potuit:
1324 758 1428 794 simul

90 827 197 870 atque
225 821 273 858 ire
301 821 337 857 in
357 821 517 858 exsilium
540 821 656 870 jussus
682 826 743 867 est,
762 821 887 870 paruit,
906 821 976 858 iw‘t.
1030 821 1211 858 Hesterno
1228 821 1295 866 die,
1315 833 1428 870 quum

90 884 186 920 domi
214 897 306 921 meae
326 897 428 933 paene
454 883 654 920 interfectus
684 897 806 929 essem,
831 888 994 920 senatum
1020 883 1057 919 in
1085 884 1203 920 aedem
1229 883 1326 919 Jovis
1354 883 1430 919 Sta·

91 946 171 982 toris
191 946 399 991 convocavi;
426 958 503 981 rem
530 958 676 982 omnem
704 945 751 982 ad
771 950 886 995 patres
914 945 1124 994 conscriptos
1152 944 1271 981 detuli.
1326 944 1429 987 ³Quo

90 1021 204 1057 quum
224 1008 375 1044 Catilina
394 1008 551 1053 venisset,
574 1008 652 1057 quis
680 1020 764 1044 eum
791 1012 931 1044 senator
958 1007 1169 1056 appellavit?
1197 1007 1275 1056 quis
1302 1006 1430 1042 saluta-

90 1072 162 1108 xit?
182 1071 260 1121 quis
279 1071 433 1120 denique
453 1071 503 1107 ita
522 1070 681 1120 adspexit
700 1075 741 1106 ut
759 1071 938 1120 perditum
958 1070 1080 1115 civem,
1101 1082 1143 1106 ac
1167 1082 1237 1106 non
1257 1070 1370 1118 potius
1390 1074 1430 1105 ut

90 1133 428 1183 importunissimum
465 1133 630 1169 hostem?
695 1132 789 1176 Quin
818 1132 925 1169 etiam
958 1132 1152 1182 ⁴p1incipes
1191 1131 1263 1180 ejus
1300 1131 1429 1168 ordinis

90 1201 228 1245 partem
247 1196 343 1232 illam
363 1195 617 1240 subselliomm,
638 1195 684 1231 ad
713 1208 823 1245 quam
850 1195 907 1231 ille
936 1199 1136 1240 accesserat,
1156 1194 1292 1230 nudam
1321 1199 1428 1243 atque

91 1259 233 1295 inanem
251 1258 479 1308 reliquerunt.
536 1262 591 1294 13.
620 1258 691 1294 Hic
711 1271 778 1307 ego
798 1258 990 1294 vehemens
1009 1257 1065 1294 ille
1091 1257 1219 1302 consul,
1239 1257 1301 1306 qui
1320 1257 1429 1294 verbo

91 1321 184 1358 cives
214 1321 251 1357 in
283 1321 443 1357 exsilium
472 1320 580 1370 ejicio,
610 1321 775 1370 ⁵quaesixi
809 1333 830 1356 a
859 1320 1018 1365 Catilina,
1045 1324 1216 1356 nocturno
1254 1324 1429 1356 conventu

91 1383 189 1432 apud
215 1382 264 1419 M.
292 1382 436 1419 Laecam
463 1382 582 1418 fuisset
609 1395 732 1418 necne.
785 1382 907 1425 Quum
934 1382 1001 1427 ille,
1028 1381 1137 1417 homo
1167 1381 1428 1427 audacissimus,

92 1445 304 1482 conscientia
333 1445 518 1489 conxictus,
539 1445 653 1494 primo
680 1445 883 1490 reticuisset,
916 1444 1064 1494 patefeci
1093 1448 1229 1489 cetera,
1257 1443 1345 1492 quid
1365 1443 1430 1480 ⁶ea

91 1512 193 1544 nocte
223 1507 357 1556 egisset,
377 1507 465 1555 quid
494 1507 655 1555 proxima
682 1507 924 1552 constituisset,
943 1505 1253 1555 quemadmodum
1280 1509 1372 1542 esset
1397 1506 1430 1543 ei

92 1570 178 1606 ratio
197 1569 302 1606 totius
321 1569 403 1606 belli
433 1569 616 1618 descripta,
636 1569 772 1605 edocui.
826 1568 947 1612 Quum
973 1568 1158 1614 haesitaret,
1179 1568 1315 1617 ⁷quum
1333 1572 1431 1605 tene-

91 1637 193 1678 retur,
213 1631 367 1681 quaesivi,
396 1631 483 1681 quid
513 1631 692 1668 dubitaret
719 1631 889 1680 proficisci
913 1644 964 1677 eo,
993 1643 1065 1680 quo
1088 1629 1304 1679 jampridem
1331 1643 1430 1679 para—

91 1698 164 1730 ret:
192 1706 305 1743 quum
326 1706 434 1739 arma,
455 1692 588 1742 ⁸quum
608 1706 755 1738 secures
776 1706 888 1742 quum
912 1693 1030 1738 fasces,
1050 1704 1163 1741 quum
1182 1692 1296 1738 tubas,
1317 1705 1429 1741 quum

91 1756 193 1805 signa
218 1755 392 1799 militaria,
424 1767 537 1804 quum
570 1755 749 1804 ”aquilam
776 1755 874 1791 illam
906 1758 1123 1803 argenteam,
1152 1753 1207 1790 cui
1235 1753 1291 1791 ille
1321 1754 1429 1790 etiam

91 1818 283 1856 sacrarium
318 1817 489 1854 scelerum
527 1817 623 1853 domi
661 1829 734 1853 suae
765 1817 904 1862 fecerat,
936 1817 1061 1853 scirem
1094 1829 1168 1853 esse
1200 1816 1429 1865 praemissam.

94 1884 153 1916 14.
179 1880 222 1916 In
249 1879 407 1916 exsilium
428 1878 658 1928 ¹⁰ejiciebam,
679 1892 787 1928 quem
809 1879 886 1928 jam
915 1879 1111 1936 ingressum
1138 1891 1212 1915 esse
1239 1878 1275 1914 in
1294 1878 1429 1915 bellum

90 1943 284 1980 videbam?
339 1941 526 1987 ¹¹Etenim,
546 1941 660 1986 credo,
672 1941 830 1977 Manlius
845 1941 909 1977 iste
930 1941 1095 1986 centurio,
1115 1940 1177 1990 qui
1195 1940 1232 1976 in
1251 1953 1336 1989 agro
1356 1941 1430 1976 Fae-

91 2005 215 2042 sulano
234 2009 347 2041 castra
365 2004 490 2054 posuit,
518 2004 652 2041 bellum
676 2003 807 2053 populo
831 2004 995 2040 Romano
1021 2016 1085 2039 suo
1111 2003 1253 2039 nomine
1283 2003 1428 2048 indixit;

92 2072 129 2104 et
152 2067 211 2103 illa
230 2071 343 2104 castra
361 2079 455 2102 nunc
475 2079 545 2102 non
567 2066 756 2102 Catilinam
776 2066 907 2102 ducem
927 2069 1138 2114 exspectant,
1159 2069 1195 2102 et
1212 2065 1279 2110 ille,
1299 2065 1429 2114 ejectus

90 2131 127 2165 in
147 2129 316 2175 exsilium,
335 2129 372 2165 se
394 2128 419 2145 ¹²
430 2128 632 2171 Massiliam,
652 2133 690 2163 ut
711 2128 819 2173 aiunt,
838 2140 909 2163 non
927 2127 963 2163 in
983 2127 1061 2163 haec
1081 2132 1193 2163 castra
1213 2127 1376 2163 conferet.

170 2191 253 2228 VH.
306 2191 339 2228 O
355 2191 591 2228 conditionem
604 2190 779 2235 miseram,
792 2202 863 2226 11011
877 2190 987 2226 modo
999 2189 1296 2235 administrandae,
1305 2202 1429 2226 verum

93 2253 200 2290 etiam
228 2253 476 2291 conservandae
507 2252 557 2289 rei
584 2252 756 2302 publicae!
809 2251 925 2297 Nunc,
958 2251 986 2287 si
1018 2251 1057 2287 L.
1090 2251 1241 2287 Catilina
1272 2251 1428 2296 consiliis,

92 2316 280 2361 laboribus,
301 2315 482 2365 ¹periculis
505 2314 594 2350 meis
619 2313 866 2350 circumclusus
894 2326 936 2349 ac
955 2313 1158 2349 debilitatus
1183 2313 1300 2349 subito
1326 2312 1428 2361 perti-

91 2378 229 2423 muerit,
267 2377 479 2414 sententiam
516 2376 712 2421 mutaverit,
750 2375 940 2413 deseruerit
964 2388 1067 2422 suos,
1104 2374 1287 2414 consilium
1324 2373 1427 2412 ²belli
