1596 2643
88 118 137 152 24
490 129 627 153 ORATIO
657 129 710 153 111.
739 129 780 153 IN
811 129 1028 154 CATILINAM.

164 229 355 280 Principio,
375 235 417 266 ut
432 230 585 266 Catilina
604 231 726 280 paucis
746 236 828 267 ante
849 231 976 267 diebus
996 230 1114 280 erupit
1133 243 1176 267 ex
1196 231 1296 275 urbe,
1313 243 1428 281 quum

85 292 224 329 sceleris
243 293 296 328 sui
317 293 436 338 socios,
455 292 603 342 hujusce
624 293 747 329 nefarii
766 293 848 330 belli
870 293 1060 330 acerrimos
1079 294 1187 330 duces
1206 293 1331 330 Romae
1352 293 1429 330 reli-

86 355 230 405 quisset,
259 369 402 405 semper
431 355 576 405 vigilavi
607 360 643 392 et
669 356 819 405 proxidi,
848 356 1014 402 Quirites,
1044 357 1355 406 quemadmodum
1393 357 1429 392 in

86 419 192 455 tantis
211 423 247 455 et
265 424 342 455 tam
362 419 576 455 absconditis
594 419 731 456 insidiis
749 419 834 455 salvi
856 432 931 456 esse
951 432 1144 469 possemus.

164 481 209 518 H.
263 481 362 518 Nam
381 486 471 528 tum,
486 488 602 531 quum
623 494 667 518 ex
687 482 777 518 urbe
792 482 985 518 Catilinam
1007 482 1016 499 ¹
1028 482 1214 531 ejiciebam
1230 481 1316 533 (non
1332 482 1428 519 enim

81 543 157 594 jam
188 557 312 580 vereor
339 544 448 594 hujus
475 544 574 580 verbi
601 544 787 589 invidiam,
810 557 926 594 quum
953 544 1013 580 illa
1039 544 1158 593 magis
1185 544 1231 580 sit
1257 544 1428 590 timenda,

86 607 185 656 quod
205 606 308 642 vivus
327 604 480 657 exierit),
500 606 588 644 ²sed
610 611 699 652 tum,
721 619 837 656 quum
863 606 966 642 illum
994 606 1224 643 exterminari
1254 606 1430 653 volebam,

85 674 149 705 aut
177 668 352 718 reliquam
381 669 647 719 conjuratorum
675 682 826 705 manum
855 669 961 705 simul
985 669 1174 715 exituram,
1195 675 1257 705 aut
1277 682 1346 715 eOS,
1368 669 1430 719 qui

89 712 304 777 restitiss’ent,
323 731 482 768 infirmos
509 731 585 768 sine
612 731 673 768 illo
700 744 742 768 ac
762 731 897 768 debiles
915 731 988 768 fore
1009 731 1193 781 putabam.
1248 735 1280 767 4.
1309 732 1430 781 Atque

86 806 165 843 ego,
187 798 227 829 ut
246 794 331 839 fidi,
353 807 442 844 quos
461 794 620 830 maxime
640 794 758 830 furore
779 798 816 830 et
834 793 966 830 scelere
988 806 1062 830 esse
1082 793 1320 831 inflammatos
1347 794 1431 830 scie-

87 855 183 902 bam,
203 869 262 893 eos
290 856 478 893 nobiscum
507 869 581 893 esse
610 861 647 893 et
674 856 800 892 Romae
829 856 1052 902 remansisse,
1074 856 1131 891 ³in
1152 869 1194 893 eo
1213 869 1336 893 omnes
1356 857 1431 893 dies

87 924 281 968 noctesque
302 919 516 969 consumpsi,
535 923 586 965 ut,
607 919 695 969 quid
725 923 885 968 agerent,
906 918 995 968 quid
1022 918 1243 964 molirentur,
1263 919 1431 955 sentirem

87 994 128 1017 ac
157 981 342 1018 viderem:
376 981 449 1027 ⁴ut,
482 982 652 1032 quoniam
684 981 831 1017 auribus
861 981 994 1026 vestris,
1015 986 1158 1030 propter
1187 981 1432 1018 incredibilem

87 1043 382 1092 magnitudinem
404 1043 554 1089 sceleris,
571 1043 748 1079 minorem
769 1042 880 1079 fidem
899 1043 1031 1079 faceret
1051 1042 1162 1079 oratio
1181 1056 1275 1088 mea,
1288 1056 1362 1079 reni
1385 1043 1433 1079 ita

87 1106 445 1155 comprehenderem,
466 1111 507 1142 ut
535 1111 615 1142 tum
644 1107 795 1142 demum
828 1105 956 1141 animis
985 1105 1088 1141 saluti
1119 1110 1243 1141 vestrae
1272 1106 1433 1155 proxidc-

87 1169 180 1213 retis,
210 1181 325 1218 quum
359 1169 469 1205 oculis
502 1168 722 1205 maleficium
755 1168 874 1218 ipsum
906 1168 1083 1204 videretis.
1149 1173 1181 1204 5.
1214 1168 1340 1218 Itaque
1371 1169 1434 1204 5ut

87 1232 245 1280 comperi
266 1231 403 1281 legatos
424 1231 690 1281 “Allobrogum,
710 1231 793 1267 belli
814 1230 1034 1280 Transalpini
1055 1236 1091 1266 et
1110 1231 1287 1267 tumultus
1307 1231 1433 1268 Gallici

88 1293 265 1330 excitandi
296 1307 412 1339 causa,
433 1307 455 1330 a
482 1294 523 1330 P.
543 1293 696 1330 Lentulo
724 1306 798 1330 esse
825 1293 1039 1339 sollicitatos
1068 1306 1200 1343 eosque
1222 1294 1257 1329 in
1280 1294 1433 1330 Galliam

88 1357 134 1394 ad
154 1370 237 1394 suos
257 1358 351 1393 cives
370 1358 573 1407 eodemque
592 1357 718 1393 itinere
738 1369 823 1393 cum
843 1356 953 1392 literis
973 1357 1225 1406 mandatisque
1246 1357 1292 1393 ad
1314 1357 1434 1394 Catili-

87 1432 173 1456 nam
195 1433 269 1457 esse
290 1420 425 1465 missos,
447 1420 688 1470 comitemque
709 1419 752 1455 iis
772 1419 982 1469 adjunctum
1008 1420 1046 1455 T.
1067 1419 1303 1465 Volturcium,
1324 1425 1433 1470 atque

86 1481 173 1519 huic
205 1495 279 1518 esse
313 1483 360 1519 ad
391 1482 586 1518 Catilinam
621 1482 722 1518 datas
755 1481 882 1527 literas,
914 1481 1121 1517 facultatem
1155 1481 1244 1517 mihi
1277 1482 1434 1518 oblatam

87 1544 222 1594 putavi,
242 1549 293 1590 ut,
314 1545 412 1595 quod
433 1549 512 1580 erat
531 1543 795 1589 difficillimum,
816 1543 989 1594 quodque
1015 1540 1085 1593 ego
1103 1556 1244 1593 semper
1263 1544 1433 1593 optabam

88 1619 110 1643 a
138 1607 207 1644 diis
236 1606 509 1653 immortalibus,
534 1613 576 1642 ut
605 1611 679 1643 tota
708 1619 764 1643 res
793 1619 865 1643 non
893 1605 1010 1642 solum
1040 1619 1062 1642 a
1088 1619 1158 1651 me,
1183 1606 1246 1642 sed
1274 1607 1384 1642 etiam
1413 1619 1435 1643 a

87 1674 213 1705 senatu
245 1673 281 1705 et
311 1682 332 1705 a
362 1669 463 1705 vobis
493 1668 682 1705 manifesto
712 1667 1051 1718 deprehenderetur.
1112 1667 1239 1717 Itaque
1269 1667 1435 1705 hesterno

89 1731 148 1768 die
181 1730 220 1767 L.
251 1730 420 1767 Flaccum
454 1735 491 1767 et
523 1731 563 1767 O.
595 1730 844 1780 Pomptinum,
876 1734 1055 1780 praetoreS,
1087 1729 1292 1767 fortissimos
1324 1735 1433 1781 atque

90 1793 354 1830 amantissimos
383 1793 433 1829 rei
460 1793 614 1842 publicae
644 1793 746 1839 w'ros,
765 1793 812 1829 ad
840 1805 901 1829 me
929 1792 1074 1836 vocavi;
1102 1805 1178 1829 rem
1199 1805 1347 1829 omnem
1376 1806 1435 1829 ex-

89 1857 213 1907 posui3
243 1856 333 1906 quid
360 1855 437 1892 fieri
466 1856 631 1906 placeret,
651 1855 800 1892 ostendi.
853 1855 907 1891 Eli
928 1860 1062 1901 autem,
1084 1855 1168 1905 ⁷qui
1189 1855 1309 1892 omnia
1330 1856 1375 1892 de
1395 1869 1432 1893 re

89 1919 235 1970 publiea
253 1919 424 1969 praeclara
443 1924 553 1969 atque
575 1919 723 1969 egregia
741 1918 921 1964 sentirent,
940 1918 1015 1954 sine
1043 1918 1262 1954 recusatione
1290 1931 1332 1955 ac
1358 1919 1433 1955 sine

91 1981 163 2019 ulla
182 1995 283 2019 mora
301 1982 490 2031 negotium
509 1986 751 2031 susceperunt,
767 1985 812 2027 et,
828 1993 944 2031 quum
965 1980 1284 2030 advesperasceret,
1297 1981 1433 2018 occulte

92 2044 161 2081 ¹‘ad
189 2049 337 2094 pontem
357 2044 536 2080 Mulvium
561 2047 940 2093 pervenerunthatque
959 2042 1008 2079 ibi
1032 2042 1065 2079 in
1085 2043 1258 2092 proximis
1277 2042 1366 2079 villis
1384 2043 1435 2079 ita

89 2107 258 2157 bipartito
279 2107 434 2152 fuerunt,
454 2111 495 2142 ut
513 2106 650 2143 Tiberis
675 2106 769 2142 inter
796 2118 857 2142 eos
884 2110 920 2141 et
938 2117 1026 2154 pons
1044 2105 1239 2141 interesset.
1293 2105 1431 2142 Eodem

91 2175 213 2206 autem
235 2174 271 2206 et
289 2169 354 2219 ipsi
374 2169 449 2206 sine
470 2169 682 2219 cujusquam
711 2168 910 2218 suspicione
935 2167 1067 2204 multos
1086 2168 1192 2204 fortes
1212 2167 1305 2204 viros
1324 2168 1433 2204 edux-

92 2237 205 2278 erunt,
225 2237 262 2269 et
285 2246 356 2282 ego
376 2233 443 2269 ”ex
469 2231 682 2282 praefectura
709 2231 864 2267 Reatina
891 2230 1091 2280 complures
1120 2230 1275 2267 delectos
1302 2229 1433 2266 adoles-

92 2299 222 2340 centos,
248 2308 404 2344 quorum
433 2307 543 2345 opera
569 2298 651 2331 utor
678 2294 819 2330 assidue
845 2293 884 2329 in
910 2305 948 2329 re
976 2292 1128 2343 publica,
1156 2292 1322 2342 praesidio
1349 2304 1433 2328 eum

92 2355 221 2405 gladiis
250 2357 432 2394 miseram.
495 2360 528 2394 6.
555 2356 715 2403 Interim,
737 2355 878 2393 ¹⁰tertia
903 2355 977 2393 fere
1004 2355 1128 2406 vigilia
1156 2360 1291 2402 exacta,
1319 2367 1434 2405 quum
