1596 2643
457 113 596 139 onA‘rro
625 113 698 138 PRO
727 113 828 137 REGE
855 111 1055 138 nmo'rARo.
1383 101 1431 140 7⁷

85 232 202 257 rerum
221 218 346 265 valere,
365 221 489 255 tamen
509 218 556 255 ad
580 217 675 254 hanc
695 229 842 254 causam
861 229 933 253 non
953 215 1027 253 sine
1056 216 1176 267 aliqua
1203 229 1264 266 spe
1285 221 1319 254 et
1341 218 1433 268 eogi-

82 282 215 319 tatione
235 285 415 318 venerunt.

161 345 224 382 ΠΙ.
292 349 324 382 8.
360 344 499 380 Iratum
529 348 566 380 te
599 343 685 393 regi·
708 342 880 379 Deiotaro
911 342 1016 379 fuisse
1054 356 1127 380 non
1165 346 1266 379 erant
1303 343 1431 389 nescii.;

83 409 274 445 ²affectum
304 408 406 444 illum
438 407 658 458 quibusdam
690 406 930 443 incommodis
961 410 997 443 et
1026 406 1257 452 detrimentis,
1290 411 1433 456 propter

81 471 311 508 offensionem
332 470 442 507 animi
456 470 507 506 tui
522 469 781 516 meminerant,
809 473 917 519 teque
933 482 1045 519 quum
1065 469 1151 506 huic
1169 469 1310 516 iratum,
1331 469 1433 506 2tum

81 533 145 570 sibi
168 533 327 570 amicum
359 546 434 570 esse
465 538 726 583 cognoverant3
748 532 956 582 ³quumque
987 533 1084 582 apud
1113 533 1229 583 ipsum
1251 537 1286 570 te
1305 533 1351 570 de
1370 537 1433 570 tuo

81 596 235 647 periculo
256 597 422 642 dicerent,
437 596 509 633 fore
530 597 715 646 putabant,
729 596 817 632 utin
830 595 1033 632 exulcerato
1045 596 1165 633 animo
1185 595 1284 632 facile
1305 596 1431 632 fictum

82 660 215 697 crimen
235 659 413 696 insideret.
467 659 715 702 Quamobrem
732 659 800 696 hoe
816 672 878 695 nos
893 659 1059 708 primum,
1073 658 1201 705 Caesar,
1218 664 1327 705 metu,
1349 659 1359 675 ⁴
1369 673 1433 709 per

81 723 191 759 fidem
211 727 247 759 et
265 722 512 767 constantiam,
531 726 568 758 et
586 735 649 772 per
675 721 904 758 clementiam
934 726 1045 765 tuam,
1066 721 1185 768 libera,
1206 735 1252 759 ne
1279 722 1432 759 residere

80 786 116 822 in
135 789 171 823 te
191 785 301 822 ullam
323 790 461 835 partem
481 785 690 822 iracundiae
709 784 941 834 suspicemur.
998 785 1009 801 ⁵
1023 785 1093 821 Per
1113 785 1298 822 dexteram
1326 786 1431 822 istam

80 853 115 886 te
130 862 200 895 oro,
213 861 322 899 quam
342 848 416 898 regi
437 848 605 885 Deiotaro
624 848 753 898 hospes
766 848 893 898 hospiti
910 848 1090 898 porrexisti
1107 860 1114 885 :
1142 848 1258 895 istam,
1273 849 1431 899 inquam,

81 913 278 958 dexteram,
299 912 394 949 ⁶non
413 916 489 948 tam
508 911 545 947 in
565 911 675 958 bellis,
694 924 761 948 nec
780 912 816 948 in
844 911 985 961 proeliis,
1005 924 1117 962 quam
1136 912 1173 948 in
1199 912 1377 962 promissis
1397 917 1432 949 et

80 975 152 1012 fide
171 975 376 1011 firmiorem.
429 975 484 1011 Tu
513 974 624 1011 ⁷illius
655 975 806 1012 domum
834 974 930 1020 inire,
961 979 1001 1011 tu
1032 979 1132 1012 vetus
1159 975 1352 1025 hospitium
1381 988 1433 1012 re-

81 1050 213 1074 novare
232 1037 392 1085 voluisti3
420 1042 456 1075 te
477 1038 551 1088 ejus
571 1038 618 1074 dii
638 1043 786 1087 penates
807 1042 1039 1088 aeceperunt,
1067 1042 1102 1075 te
1123 1039 1283 1075 amicum
1304 1043 1341 1076 et
1359 1039 1433 1089 pla-

80 1105 203 1138 catum
219 1101 379 1138 Deiotari
398 1101 490 1151 regis
511 1115 581 1138 arte
601 1101 740 1151 focique
761 1102 935 1139 viderunt.
992 1106 1024 1138 9.
1054 1101 1200 1145 ⁸Quum
1229 1102 1332 1139 facile
1353 1116 1433 1140 exo-

79 1163 156 1210 rari,
185 1163 314 1210 Caesar,
343 1168 422 1200 tum
450 1164 562 1201 semel
591 1165 722 1201 exorari
751 1164 860 1208 soles;
889 1177 997 1201 nemo
1024 1177 1188 1215 unquam
1215 1169 1252 1202 te
1279 1165 1433 1216 placavit

79 1227 252 1274 inimicus,
264 1227 326 1278 qui
341 1227 430 1264 ullas
444 1227 612 1264 resedisse
627 1227 662 1264 in
673 1232 709 1264 te
721 1216 910 1264 simultatis
925 1228 1089 1278 reliquias
1101 1229 1256 1266 senserit.
1295 1229 1433 1273 Quam-

80 1303 191 1341 quam
211 1291 266 1328 cui
281 1295 364 1327 sunt
382 1291 552 1328 inauditae
570 1304 654 1328 cum
684 1291 854 1328 Deiotaro
884 1292 895 1309 ⁹
907 1291 1059 1341 querelae
1080 1293 1177 1329 tuae?
1230 1292 1432 1343 Nunquam

79 1359 119 1390 tu
137 1354 239 1391 illum
259 1354 464 1391 accusavisti
484 1359 525 1391 ut
542 1354 693 1400 hostem,
713 1355 777 1391 sed
797 1359 837 1391 ut
857 1355 1016 1391 amicum
1037 1355 1152 1392 officio
1179 1369 1307 1406 parum
1334 1357 1431 1394 func-

79 1421 168 1463 tum,
189 1417 287 1467 quod
305 1417 510 1467 propensior
538 1417 576 1453 in
602 1417 667 1454 Cn.
686 1418 852 1468 Pompeii
880 1418 1074 1455 amicitiam
1102 1419 1232 1465 fuisset,
1254 1433 1363 1470 quam
1394 1420 1431 1456 in

79 1484 189 1516 tuam.
249 1480 275 1497 ¹⁰
286 1479 355 1516 Oui
374 1484 497 1516 tamen
525 1480 591 1529 ipsi
618 1480 668 1516 rei
688 1481 829 1517 veniam
848 1485 884 1517 te
905 1481 1074 1518 daturum
1103 1482 1207 1519 fuisse
1228 1483 1383 1529 dicebas,
1402 1483 1431 1520 si

56 1567 58 1569 >
79 1546 222 1578 tantum
248 1541 378 1578 auxilia
404 1542 591 1592 Pompeio,
610 1542 666 1579 vel
693 1543 721 1579 si
742 1543 849 1579 etiam
878 1543 991 1580 filium
1019 1545 1179 1591 misisset,
1211 1545 1286 1595 ipse
1316 1547 1431 1583 aetatis

79 1605 305 1642 excusatione
323 1617 409 1641 usus
429 1610 529 1642 esset.
582 1605 639 1642 Ita
660 1606 684 1623 ¹¹
697 1619 811 1656 quum
832 1607 999 1643 maximis
1018 1620 1102 1644 eum
1123 1608 1227 1645 rebus
1256 1608 1430 1656 liberares,

77 1680 289 1718 perparvam
315 1668 480 1705 amicitiae
502 1668 646 1718 culpam
677 1669 912 1719 relinquebas.
969 1674 1026 1707 10.
1055 1670 1184 1721 Itaque
1214 1684 1285 1708 non
1315 1672 1431 1709 solum

76 1731 114 1768 in
133 1744 217 1769 eum
246 1743 320 1768 non
349 1731 641 1779 animadvertisti,
671 1733 733 1770 sed
762 1733 859 1770 omni
890 1737 991 1770 metu
1021 1733 1221 1781 liberavisti,
1251 1734 1430 1785 hospitem

78 1793 259 1845 agnovisti,
278 1807 404 1844 regem
422 1794 601 1844 reliquisti.

156 1857 220 1894 IV.
279 1857 288 1874 ¹
300 1856 432 1908 Neque
452 1857 548 1894 enim
567 1857 624 1895 ille
639 1858 722 1896 odio
733 1858 785 1895 tui
805 1860 1097 1909 prog1·ess11S,sed
1117 1873 1231 1897 errore
1247 1862 1429 1899 communi

77 1919 194 1970 lapsus
214 1925 276 1957 est.
330 1920 365 1957 Is
384 1934 454 1968 rex,
480 1934 589 1971 quem
609 1926 752 1958 senatus
770 1922 840 1959 hoe
859 1923 1004 1960 nomine
1032 1936 1127 1974 saepe
1156 1923 1430 1962 honorificentis-

76 1983 175 2020 simis
193 1983 344 2020 decretis
363 1983 616 2034 appellavisset,
637 1984 780 2035 quique,
801 1998 914 2036 quum
933 1986 1025 2023 illuit
1049 1987 1212 2024 ordinem
1233 1988 1280 2024 ab
1296 1988 1430 2024 adolos-

77 2045 194 2083 centia
221 2046 471 2096 gravissimum
499 2047 834 2098 sanctissimumque
863 2048 1052 2095 ²duxisset‚
1082 2049 1210 2086 iisdem
1242 2051 1348 2086 rebus
1376 2055 1429 2087 est

77 2109 314 2159 perturbatus,
332 2108 443 2146 homo
461 2109 677 2161 longinquus
697 2116 733 2148 et
761 2111 971 2162 alienigena,
1001 2112 1133 2162 quibus
1161 2126 1225 2149 nos
1252 2112 1288 2148 in
1308 2113 1429 2149 media

76 2184 114 2209 re
133 2171 278 2222 publica
296 2171 380 2218 nati,
398 2185 612 2223 semperque
633 2175 769 2221 versati,
802 2178 859 2212 11.
888 2188 1002 2225 quum
1022 2175 1172 2220 audiret,
1186 2179 1330 2211 senatus
1349 2188 1427 2211 con-

76 2235 256 2272 sentientis
277 2235 484 2273 auctoritate
504 2249 604 2273 arma
628 2242 792 2288 sumpta3
823 2237 1058 2283 ³consulibus,
1078 2237 1216 2287 przetori
1224 2238 1299 2283 bus,
1321 2237 1423 2274 tribu-

76 2297 129 2334 nis
147 2297 270 2348 plebis
290 2297 392 2348 nobis
410 2298 682 2349 imperatoribus
701 2313 777 2338 rem
799 2301 981 2351 publicam
1003 2300 1269 2337 defendendam
1292 2300 1427 2348 datam,

75 2360 289 2398 movebatur
315 2360 446 2408 animo,
466 2365 502 2398 et
528 2361 588 2410 vir,
608 2362 692 2400 huie
718 2363 867 2413 impen'o
895 2363 1140 2410 amicissimus
1160 2362 1206 2400 de
1232 2362 1347 2400 salute
1366 2375 1427 2414 po·
