1596 2643
431 126 567 152 ORATIO
595 127 670 152 PRO
698 126 734 152 A,
761 127 907 152 LICINIO
938 126 1092 151 ARCHIA.
1384 119 1433 153 53

165 230 226 267 28.
253 229 386 279 Atque,
419 233 460 266 ut
491 229 530 266 id
553 228 719 266 libentius
751 228 894 274 faciatis,
926 228 1020 278 Β311111
1053 241 1112 264 me
1146 228 1253 274 vobis,
1287 228 1434 277 judiees,

85 290 261 338 indicabo,
282 296 317 329 et
336 292 382 329 de
401 304 484 328 meo
504 292 663 342 quodam
694 303 814 328 amore
833 290 964 340 gloriae,
983 290 1088 326 nimis
1109 290 1178 326 acri
1205 290 1359 336 fortasse,
1380 304 1435 326 ve-

86 360 289 392 rumtamen
322 355 481 402 honesto,
496 355 595 392 vobis
615 355 818 392 confitebor.
872 354 981 399 Nam,
1011 354 1122 403 ⁵'quas
1142 366 1197 390 res
1216 366 1280 390 nos
1299 353 1335 389 in
1356 366 1436 390 con-

85 417 204 454 sulatu
222 423 342 455 nostro
360 418 544 455 vobiscum
564 418 669 454 simul
694 431 758 468 pro
777 417 890 454 salute
917 417 1022 466 hujus
1042 417 1138 453 urbis
1159 421 1267 466 atque
1287 416 1435 465 imperii,

86 484 123 516 et
140 493 206 530 pro
225 480 298 517 vita
317 480 457 527 eiw'um,
477 493 612 530 proque
633 480 797 517 universa
817 493 853 516 re
874 479 1020 529 publiea
1038 480 1222 528 gessimus,
1244 478 1359 528 attigit
1378 477 1436 514 hic

85 543 243 580 velsibus
275 548 384 594 atque
413 543 615 591 inchoavit3
645 544 775 593 quibus
809 536 947 589 auditis,
981 542 1079 592 quod
1113 542 1199 578 mihi
1228 554 1435 591 magnares

86 610 122 642 et
148 605 310 656 jucunda
330 606 403 643 visa
422 611 484 653 est,
503 606 600 643 hune
633 606 679 643 ad
709 606 967 656 perficiendum
988 605 1116 655 adjuvi.
1171 604 1319 640 Nullam
1339 603 1434 639 enim

86 668 193 705 xdrtus
209 669 315 706 aliam
330 669 536 706 mercedem
551 658 716 706 laborum
736 668 1045 719 periculorumque
1068 668 1093 685 ¹⁰
1105 667 1293 713 desiderat,
1308 672 1436 717 praeter

84 731 179 768 hanc
198 731 314 769 laudis
328 736 364 768 et
381 732 502 782 gloriae
518 744 526 778 3
547 745 620 782 qua
632 732 781 781 quidem
802 732 972 778 detracta,
987 731 1134 780 judices,
1155 730 1243 780 quid
1263 735 1324 777 est,
1337 730 1435 779 quod

84 794 121 830 in
150 794 220 831 hoe
249 798 326 831 tam
345 794 474 845 exiguo
494 794 574 831 vitae
595 794 776 840 curriculo,
795 799 831 831 et
849 799 926 830 tam
945 794 1054 840 brevi,
1075 794 1181 830 tantis
1201 807 1263 830 nos
1283 793 1319 829 in
1339 793 1436 830 labo-

84 856 181 893 ribus
201 859 452 895 exerceamus?
509 861 568 894 29.
596 857 712 904 Certe,
739 857 767 893 si
800 857 886 893 nihil
907 857 1047 893 animus
1066 856 1285 906 praesentiret
1303 856 1339 892 in
1359 869 1436 906 pos-

86 925 212 966 terum,
231 925 268 957 et
288 921 313 938 ²¹
326 921 364 967 si,
385 921 517 971 quibus
536 921 739 971 regionibus
762 921 842 957 vitae
862 920 1020 970 spatium
1049 920 1352 969 circumsaiptum
1373 924 1434 966 est,

86 984 220 1022 eisdem
242 997 367 1021 omnes
387 984 616 1034 cogitationes
635 983 843 1020 terminaret
866 996 957 1030 suas,
976 996 1044 1020 nec
1063 983 1169 1020 tantis
1196 996 1234 1019 se
1254 982 1435 1019 laboribus

84 1045 272 1096 frangeret,
291 1059 410 1097 neque
443 1051 496 1084 tot
529 1046 619 1084 curis
638 1046 834 1096 vigiliisque
855 1050 1142 1096 angeretui·,vnec
1172 1046 1274 1082 toties
1295 1045 1340 1082 (le
1359 1045 1435 1095 ipsa

85 1109 157 1146 vita
175 1109 371 1146 dimicaret.
425 1109 534 1147 Nune
565 1110 694 1146 insidet
713 1110 885 1159 quaedam
906 1109 978 1145 ³²in
998 1109 1133 1159 optimo
1154 1121 1297 1158 quoque
1317 1109 1434 1156 virtus,

84 1185 167 1222 quae
189 1172 215 1190 ²³
228 1177 350 1210 noctes
371 1186 413 1210 ae
433 1173 508 1210 dies
528 1173 690 1210 animum
708 1173 829 1222 glor-ize
845 1172 994 1209 stimulis
1010 1172 1172 1218 concitat,
1187 1177 1295 1221 atque
1311 1171 1435 1208 admo*

86 1239 146 1272 net
163 1248 234 1272 non
268 1249 352 1273 cum
385 1235 464 1273 w‘tae
495 1240 657 1286 tempore
685 1248 759 1272 esse
780 1235 1034 1272 dimittendum
1055 1235 1433 1271 commemorationem

84 1298 235 1335 nominis
254 1299 371 1346 nostri,
391 1299 456 1336 sed
476 1312 560 1336 cum
579 1299 676 1336 omni
696 1298 898 1349 posteritate
919 1298 1197 1347 adzequanclam.

163 1361 248 1399 XII.
303 1366 362 1399 30.
397 1362 479 1399 ¹An
508 1375 591 1399 vero
622 1366 700 1398 tam
731 1361 831 1412 parxd
861 1361 970 1398 animi
990 1361 1177 1397 videamur
1204 1373 1279 1398 esse
1300 1373 1433 1408 omnes,

84 1425 145 1475 qui
164 1425 200 1461 in
221 1438 258 1461 re
278 1425 431 1475 publica,
447 1429 555 1474 atque
573 1424 610 1460 in
628 1424 683 1460 his
697 1424 778 1460 vitre
798 1423 961 1474 periculis
975 1423 1228 1473 laboribusque
1244 1436 1433 1469 versamur,

85 1492 134 1533 ut,
156 1501 268 1538 quum
289 1500 401 1537 usque
423 1487 470 1524 ad
490 1491 690 1523 extremum
711 1487 877 1536 spatium,
896 1486 1035 1522 nullum
1064 1485 1295 1535 tranquillum
1325 1490 1432 1536 atque

84 1551 236 1588 otiosum
268 1550 430 1600 spiritum
460 1549 674 1596 duxerimus,
694 1549 880 1586 nobiscum
909 1548 1014 1584 simul
1053 1548 1223 1585 moritura
1241 1549 1434 1584 0111111331·-

84 1613 279 1650 bitremur?
332 1612 393 1648 An
413 1616 546 1648 statuas
567 1615 602 1648 et
620 1611 804 1661 imagines,
838 1623 910 1647 non
931 1610 1132 1647 animorum
1152 1609 1350 1656 simulacra,
1370 1610 1433 1647 sed

84 1689 281 1727 corporum,
313 1675 468 1712 studiose
502 1674 606 1711 multi
624 1674 755 1710 summi
780 1674 942 1711 homiues
962 1673 1188 1724 reliquerunt,
1209 1673 1433 1711 consiliorum

81 1739 281 1790 relinquere
301 1751 344 1776 ae
362 1738 533 1775 virtutum
551 1742 754 1775 nostrarum
773 1737 928 1787 effigiem
949 1737 1092 1774 211011110
1112 1736 1227 1774 multo
1246 1736 1353 1773 malle
1374 1737 1434 1774 (le-

82 1803 219 1849 bemus,
238 1801 388 1839 summis
418 1800 569 1851 ingeniis
601 1813 802 1851 expressam
823 1806 858 1836 et
877 1799 1047 1850 politam?
1101 1799 1180 1849 Ego
1201 1812 1282 1836 vero
1301 1799 1433 1846 omnia,

82 1878 164 1916 quae
198 1865 380 1916 gerebam,
406 1865 484 1915 jam
514 1868 593 1901 tum
621 1864 659 1900 in
678 1864 838 1914 gerendo
867 1876 1033 1914 spargere
1052 1876 1112 1900 me
1133 1876 1175 1899 ac
1203 1863 1432 1900 disseminare

83 1929 280 1966 arbitrabar
309 1928 347 1965 in
380 1927 475 1965 orbis
504 1931 607 1964 terrae
636 1927 849 1964 memoriam
882 1926 1148 1976 sempiternam.
1203 1925 1318 1963 ³Haec
1350 1939 1432 1963 vero

81 1991 153 2029 sive
173 2004 196 2028 a
213 2004 298 2029 meo
316 2003 421 2028 sensu
439 1994 520 2041 post
538 1994 692 2027 mortem
724 1990 892 2026 abfutura
922 1994 983 2035 est,
1014 1989 1096 2035 sive,
1117 1993 1157 2025 ut
1186 1988 1432 2039 sapientissimi

80 2053 244 2091 homines
262 2058 487 2104 putaverunt,
500 2053 548 2091 acl
568 2053 725 2103 aliquam
747 2052 855 2088 animi
876 2052 947 2088 mei
968 2056 1106 2102 partem
1126 2051 1324 2102 pertinebit,
1337 2064 1433 2089 nune

81 2116 230 2168 quidem
251 2121 345 2153 certe
365 2116 578 2166 cogitatione
597 2116 757 2166 quadam
777 2128 912 2165 speque
934 2114 1100 2152 delector.
1373 2153 1378 2156 ,

162 2183 222 2216 31.
276 2179 396 2223 Quare
429 2184 644 2222 conservate,
679 2178 827 2228 judices,
857 2178 1044 2215 hominem
1067 2177 1203 2227 pudore
1223 2190 1276 2224 00,
1297 2177 1430 2228 4quem

80 2241 277 2280 amicorum
309 2241 436 2278 videtis
468 2242 691 2291 comprobari
725 2254 840 2291 quum
871 2240 1055 2289 dignitate,
1089 2245 1165 2276 tum
1187 2239 1297 2276 etiam
1317 2244 1430 2276 vetus-

79 2308 164 2352 tate,
194 2304 338 2355 ingenio
368 2308 489 2341 autem
520 2309 630 2351 tanto,
660 2310 839 2355 quantum
860 2304 897 2340 id
918 2303 1080 2339 convenit
1112 2301 1312 2349 existimari,
1331 2303 1429 2353 quod

79 2381 305 2406 summorum
324 2367 515 2405 hominum
534 2367 685 2418 ingeniis
705 2367 900 2418 expetitum
921 2380 995 2403 (sse
1011 2365 1176 2411 xideatiffi
1206 2366 1333 2404 ‘’causa
1348 2380 1429 2404 vero
