1596 2643
550 117 687 142 ouum
717 115 770 139 111.
800 114 841 138 IN
870 112 1088 138 cAr1L1NAM.
1444 103 1490 136 25

139 222 217 273 Jam
236 225 386 272 pontem
405 219 587 256 Mulvium
607 230 743 267 magno
763 216 936 253 comitatu
960 214 1071 265 legati
1090 213 1332 262 Allobrogum
1351 213 1493 263 ingredi

144 285 342 335 inciperent
360 295 507 333 unaque
527 281 744 326 Volturcius,
765 279 807 316 fit
824 279 863 315 in
883 292 942 315 eos
960 278 1139 328 impetus,
1168 276 1374 313 educuntur
1393 281 1429 312 et
1448 276 1494 312 ab

145 349 211 385 illis
230 347 342 398 gladii
363 351 400 384 et
418 359 440 383 a
458 345 596 382 nostris.
649 344 721 381 Res
742 347 819 381 erat
837 342 1052 393 praetoribus
1074 345 1159 377 nota
1177 339 1279 387 solis3
1307 339 1497 389 ignoraba-

145 416 205 448 tur
224 424 245 448 a
264 410 400 447 ceteris.

224 474 289 511 III.
342 474 437 510 Tum
456 473 661 509 interventu
681 469 867 520 Pomptini
887 473 997 519 atque
1017 467 1135 504 Flacci
1158 479 1294 517 pugna,
1316 478 1398 516 quae
1421 469 1497 502 erat

146 537 344 583 commissa,
364 537 521 574 sedatur.
577 535 739 581 ¹Literae,
771 545 1002 584 quaecunque
1037 535 1139 569 erant
1170 531 1208 566 in
1240 543 1283 567 eo
1313 529 1496 575 comitatu,

147 599 319 650 ²integ1·is
342 599 452 649 signis
479 598 692 649 praetoribus
711 597 927 643 traduntur,
957 595 1046 645 3ipsi
1074 593 1323 644 comprehensi
1351 592 1399 629 ad
1427 605 1496 638 nie,

147 675 264 713 quum
298 662 376 712 jam
409 661 655 707 dilucesceret,
687 659 930 697 deducuntur.
997 658 1124 707 Atque
1155 656 1287 693 horum
1320 655 1496 701 omnium,

145 725 322 762 scelerum
362 723 674 774 improbissimum
715 722 1002 758 machinatorem
1042 720 1235 757 Cimbrum
1276 718 1495 755 “Gabinium

146 787 269 824 statim
303 788 350 825 ad
381 800 444 824 me
479 786 601 822 “nihil,
622 786 714 823 dum
751 784 995 835 suspicantem
1028 783 1163 820 vocavi.
1229 782 1373 819 Deinde
1410 781 1495 817 item

148 851 336 888 arcessitur
369 850 409 888 L.
442 849 612 896 Statilius,
643 853 681 886 et
711 853 791 899 post
824 861 911 885 eum
945 847 986 885 C.
1019 847 1216 896 Cethegus,
1282 845 1498 882 Tar-dissime

148 919 274 951 autem
300 914 476 951 Lentulus
504 913 613 960 venit,
633 913 765 950 ⁶credo
796 912 896 962 quod
925 911 961 948 in
990 910 1101 947 literis
1130 910 1186 946 his
1214 908 1342 946 dandis
1370 913 1501 958 praeter

149 977 447 1014 consuetudinem
478 976 666 1026 '‘pi-oxima
684 981 789 1013 nocte
810 975 1033 1024 vigilaverat.
1091 974 1124 1010 7.
1153 973 1279 1017 Quum
1299 985 1385 1008 vero
1404 984 1501 1007 sum—

148 1040 219 1076 mis
247 1045 283 1077 et
311 1040 512 1077 clarissimis
540 1039 647 1090 hujus
676 1039 828 1076 civitatis
849 1038 963 1085 ⁸viris,
985 1037 1048 1088 qui
1076 1036 1202 1074 audita
1229 1049 1267 1072 re
1294 1035 1501 1085 frequentes

149 1103 197 1140 ad
226 1116 286 1140 me
316 1116 426 1140 mane
456 1106 707 1149 convenerant,
738 1101 856 1138 literas
886 1114 908 1137 a
936 1113 997 1137 me
1024 1100 1123 1150 prius
1154 1098 1283 1149 aperiri
1313 1111 1425 1148 quain
1454 1097 1502 1134 ad

149 1170 315 1203 senatum
335 1165 458 1202 referri
477 1165 644 1215 placeret,
663 1177 721 1211 ne,
741 1164 769 1200 si
788 1163 877 1200 nihil
897 1167 989 1200 esset
1006 1163 1209 1208 inventum,
1228 1165 1366 1197 temere
1395 1173 1416 1196 a
1441 1173 1501 1197 me

149 1233 270 1265 tantus
293 1229 475 1265 tumultus
501 1228 654 1279 injectus
674 1227 809 1264 civitati
829 1227 1022 1273 videretur,
1043 1225 1198 1275 ⁹negavi
1217 1237 1278 1261 me
1299 1237 1373 1261 esse
1392 1223 1503 1260 factu-

151 1304 244 1339 rum,
276 1296 319 1328 ut
351 1292 397 1329 de
429 1291 589 1341 periculo
619 1290 764 1340 publico
796 1303 868 1327 non
901 1290 949 1326 ad
982 1289 1170 1326 consilium
1202 1287 1390 1338 publicum
1423 1299 1503 1324 rem

149 1354 332 1405 integram
361 1354 550 1392 deferrem.
603 1354 758 1400 Etenim,
788 1353 956 1399 Quirites,
985 1353 1014 1389 si
1043 1365 1095 1399 ea,
1125 1365 1207 1403 quae
1238 1356 1340 1388 erant
1367 1351 1414 1388 ad
1442 1362 1503 1387 me

151 1419 280 1464 delata,
298 1423 441 1468 reperta
458 1431 531 1456 non
551 1422 679 1464 essent,
698 1422 823 1454 tamen
843 1430 913 1467 ego
931 1429 1004 1454 non
1026 1416 1236 1462 arbitrabar,
1255 1415 1294 1451 in
1317 1414 1425 1451 tantis
1452 1413 1504 1451 rei

152 1481 306 1531 publicae
326 1480 503 1531 periculiS,
524 1493 599 1517 esse
618 1480 710 1516 mihi
735 1480 887 1516 nimiam
915 1479 1140 1529 diligentiam
1168 1477 1504 1528 pertimescendam.

153 1544 329 1581 Senatum
356 1543 586 1594 frequentem
615 1542 786 1589 celeriter,
806 1547 849 1578 ut
867 1542 1014 1588 vidistiS,
1037 1541 1186 1591 ¹⁰coegi.
1243 1545 1275 1577 8.
1302 1540 1429 1590 Atque
1453 1539 1505 1576 in-

153 1611 251 1644 terea
268 1607 391 1644 statim
411 1606 602 1644 admonitu
616 1606 858 1656 Allobrogum
879 1605 919 1642 C.
934 1604 1133 1655 Sulpicium
1153 1608 1356 1654 praetorem,
1374 1603 1503 1640 fortem

152 1670 284 1716 virum,
313 1669 405 1717 misi,
436 1669 537 1720 llqui
570 1682 615 1706 ex
646 1669 786 1706 aedibus
816 1668 982 1719 Cethegi,
1015 1668 1044 1704 si
1084 1668 1174 1718 quid
1210 1667 1366 1704 telorum
1405 1670 1505 1713 esset,

153 1733 312 1780 efferret3
340 1745 386 1770 ex
400 1733 533 1784 quibus
553 1732 612 1770 ille
626 1732 834 1769 maximum
854 1731 1010 1768 sicarum
1030 1744 1229 1768 numerum
1249 1734 1286 1767 et
1298 1730 1503 1781 gladiorum

154 1795 292 1834 extulit.

233 1859 297 1896 IV.
350 1858 540 1896 Introduxi
564 1858 795 1896 Volturcium
823 1857 898 1895 sine
925 1857 1078 1894 ¹Gallis:
1118 1856 1231 1894 fidem
1261 1855 1294 1893 ei
1321 1855 1503 1906 publicam

150 1922 251 1972 jussu
279 1926 423 1959 senatus
448 1921 555 1969 dedi3
582 1921 746 1959 hortatus
773 1934 867 1967 sum,
895 1925 937 1957 ut
964 1933 1016 1967 ea,
1046 1933 1128 1970 quae
1156 1919 1271 1965 sciret,
1299 1919 1374 1956 sine
1403 1923 1504 1954 metu

155 1984 338 2022 indicaret.
390 1985 486 2021 Tum
505 1984 564 2021 ille
585 1984 684 2031 dixit,
697 1997 823 2038 ,quum
842 1983 903 2020 vix
931 1996 969 2020 se
998 1996 1042 2020 cx
1070 1995 1208 2033 magno
1234 1982 1365 2018 timore
1394 1993 1506 2017 recre-

155 2052 256 2094 asset,
276 2060 298 2084 a
316 2047 358 2085 P.
377 2046 530 2084 Lentulo
549 2060 586 2084 se
605 2046 741 2084 habere
762 2047 810 2084 ad
830 2046 1023 2083 Catilinam
1046 2046 1221 2083 mandata
1240 2049 1277 2081 et
1294 2044 1423 2089 literas,
1443 2043 1454 2059 ²
1466 2047 1506 2079 ut

155 2123 343 2148 servorum
375 2111 544 2163 praesidio
575 2115 748 2158 uteretur,
779 2115 816 2148 et
845 2110 893 2148 ad
924 2110 1053 2146 urbem
1085 2122 1197 2159 quam
1228 2108 1394 2158 primum
1420 2119 1504 2142 cum

157 2173 317 2210 exercitu
344 2173 553 2211 accederet:
583 2173 643 2211 ³id
672 2178 796 2211 autem
826 2186 869 2211 eo
897 2173 1050 2219 consilio,
1071 2177 1121 2218 ut,
1143 2184 1258 2222 quum
1287 2170 1417 2207 urbem
1438 2169 1505 2206 ⁴ex

157 2237 327 2274 omnibus
366 2236 539 2286 partibus,
578 2237 895 2288 quemadmodum
939 2236 1159 2285 descriptum
1199 2233 1506 2283 distributumque

159 2304 243 2346 erat,
273 2299 523 2346 incendissent,
552 2300 765 2350 caedemque
798 2299 977 2335 infinitam
1010 2298 1144 2333 civium
1178 2296 1349 2345 fecissent,
1377 2301 1508 2347 praesto

159 2366 251 2400 esset
267 2355 337 2406 ille,
357 2361 422 2412 qui
441 2366 478 2399 et
494 2362 674 2412 fugientes
693 2363 883 2412 exciperet,
898 2366 934 2399 ct
951 2374 988 2398 se
1009 2374 1093 2398 cum
1114 2360 1169 2396 his
1189 2360 1334 2397 urbanis
1354 2360 1507 2398 ducibus
