1596 2643
475 145 612 171 onArro
642 146 714 170 rao
744 146 782 170 M.
811 144 1020 170 MARCELLO.
1370 133 1418 170 57

73 253 192 287 turma
210 249 388 299 decerpit:
417 249 503 299 quin
523 249 632 285 etiam
657 248 751 285 ¹⁰illa
769 249 846 298 ipsa
864 261 983 285 rerum
1001 247 1244 284 humanarum
1265 248 1420 295 domina,

72 312 238 358 Fortuna,
257 312 293 348 in
312 312 411 348 istius
429 311 634 348 societatem
655 311 777 361 gloriae
797 325 835 348 se
854 324 925 348 non
940 311 1061 358 offcrt3
1089 311 1155 348 tibi
1175 311 1290 358 ccdit3
1319 316 1419 348 tuam

71 388 109 412 se
127 387 203 412 esse
222 379 337 412 totam
357 379 394 411 et
412 374 589 424 propriam
609 374 746 411 fatetur.
800 374 1001 424 Nunquam
1020 374 1117 411 enim
1136 374 1317 410 temeritas
1337 367 1420 411 curn

70 437 243 488 sapientia
262 437 519 484 commiscetur,
541 438 566 454 ²¹
578 450 695 487 neque
716 438 763 474 ad
782 437 965 474 consilium
986 450 1086 474 casus
1106 436 1315 474 admittitur.

89 500 92 503 ⁴
150 501 215 538 HI.
270 505 303 538 8.
331 500 510 538 Domuisti
542 506 667 550 gentes
701 501 945 539 ¹immanitate
980 501 1159 547 barbaras,
1191 501 1419 538 multitudine

71 564 357 611 innumerabiles,
377 564 461 601 locis
488 563 653 609 infinitas,
678 565 775 602 omni
804 564 985 614 copiarum
1013 577 1144 613 genere
1173 564 1417 601 abundantes:

71 627 136 663 sed
167 631 290 664 tamen
323 639 366 663 ea
395 626 515 673 vicisti,
547 639 628 676 quae
659 632 696 663 et
720 631 885 663 naturam
916 631 951 663 et
982 626 1233 672 conditionem,
1261 631 1302 663 ut
1329 627 1417 664 vinci

71 693 225 739 possent,
244 689 440 726 habebant.
494 688 605 726 Nulla
632 694 685 726 est
712 689 808 725 enim
836 693 936 725 tanta
962 689 1020 735 xis,
1036 689 1146 739 '²quae
1174 702 1247 726 non
1270 689 1361 727 feiro
1386 694 1422 726 et

73 752 201 789 viribus
229 752 404 789 debilitari
432 751 620 802 frangique
648 752 766 802 possit.
820 752 996 788 Animum
1024 752 1171 798 vincere,
1199 752 1419 790 iracundiam

71 814 248 861 cohibere,
278 814 460 851 victoriam
493 819 702 865 temperare,
731 814 1005 861 ³adversarium,
1039 814 1233 862 nobilitate,
1266 815 1421 865 ingenio,

71 876 199 914 virtute
218 881 458 927 przestantem,
472 890 545 915 non
564 877 674 914 modo
693 877 858 914 extollere
873 877 1064 927 jacentem,
1083 878 1147 914 sed
1169 878 1278 914 etiam
1299 879 1422 929 ampli-

71 939 179 977 ficare
199 940 273 991 ejus
291 940 475 990 pristinam
494 940 730 990 dignitatem3
758 940 838 977 haec
860 941 921 990 qui
940 941 1032 987 facit,
1052 953 1124 978 non
1144 954 1213 991 ego
1233 954 1316 978 eum
1337 955 1421 979 cum

71 1003 219 1040 summis
238 1003 318 1040 viris
346 1017 522 1054 comparo,
542 1004 605 1041 sed
633 1004 853 1040 simillimum
882 1004 952 1041 deo
975 1004 1106 1054 judico.
1162 1009 1195 1041 9.
1223 1005 1360 1056 Itaque,
1381 1006 1421 1044 O.

72 1066 202 1113 Caesar,
221 1066 360 1104 bellicae
391 1071 463 1104 tuae
497 1066 623 1104 laudes
654 1067 929 1104 celebrabuntur
959 1067 1028 1104 illae
1059 1067 1206 1117 quidem
1239 1081 1310 1105 non
1342 1069 1422 1106 solis

71 1129 198 1167 nostris
224 1130 289 1168 sed
316 1143 420 1180 paene
447 1130 610 1167 omnium
637 1131 800 1180 gentium
828 1130 933 1167 literis
960 1135 1068 1180 atque
1088 1131 1236 1181 linguis;
1265 1145 1330 1169 nec
1350 1133 1422 1170 ulla

72 1205 234 1243 unquam
254 1198 341 1230 aetas
363 1193 409 1230 de
429 1193 498 1230 tuis
526 1192 692 1230 laudibus
721 1193 954 1230 conticescet:
982 1194 1046 1230 sed
1074 1198 1196 1230 tamen
1224 1194 1422 1245 ⁴¹ejusmodi

70 1267 135 1303 ΓΕΒ,
154 1256 274 1293 nescio
292 1256 485 1306 quomodo,
504 1256 612 1293 etiam
633 1269 747 1306 quum
774 1256 949 1306 leguntur,
970 1257 1124 1307 obstrepi
1153 1257 1307 1295 clamore
1334 1260 1423 1296 mili-

72 1322 150 1356 tum
164 1319 338 1366 videntur,
351 1323 387 1356 et
405 1319 576 1356 tubarum
595 1332 691 1356 sono.
737 1320 790 1356 At
807 1332 900 1366 vero,
913 1332 1026 1370 quum
1047 1319 1058 1336 ⁵
1069 1320 1205 1370 aliquid
1220 1321 1422 1371 clementer,

70 1385 269 1430 mansuete,
295 1381 399 1432 juste,
423 1382 619 1425 moderate,
644 1383 821 1432 sapienter
845 1382 991 1429 factum,
1015 1383 1052 1419 in
1070 1383 1254 1421 iracundia
1280 1398 1424 1435 praeser-

71 1444 147 1491 tim,
167 1457 250 1494 quae
269 1449 323 1482 est
340 1445 486 1482 inimica
504 1445 655 1491 consilio,
676 1449 713 1482 et
738 1445 775 1482 in
794 1446 948 1492 victoria,
969 1458 1051 1495 quae
1071 1451 1199 1483 natura
1216 1447 1368 1486 insolens
1388 1454 1424 1487 et

71 1508 228 1558 superba
257 1512 318 1554 est,
352 1508 519 1545 audimus
551 1512 614 1545 aut
645 1508 818 1558 legimus3
852 1522 925 1559 quo
951 1509 1070 1546 studio
1100 1510 1332 1559 incendimur,
1351 1525 1422 1550 non

72 1570 183 1608 modo
200 1570 238 1607 in
257 1571 365 1620 gestis
383 1571 500 1618 rebus,
519 1571 583 1608 sed
612 1571 722 1608 etiam
749 1571 786 1608 in
813 1571 913 1618 fictis,
942 1576 984 1608 ut
1010 1585 1070 1610 eos
1097 1586 1201 1624 saepe,
1221 1587 1310 1624 quos
1335 1588 1424 1612 nun-

72 1646 186 1684 quam
204 1634 367 1682 vidimus,
387 1634 600 1685 diligamus!
658 1639 716 1672 10.
745 1635 817 1672 ⁶Te
842 1648 934 1682 vero,
954 1649 1066 1686 quem
1093 1642 1306 1687 praescntem
1333 1639 1424 1676 intu-

72 1710 184 1745 emur,
204 1697 303 1748 cujus
330 1702 493 1735 mentem
519 1711 715 1749 sensusque
744 1703 780 1736 et
796 1711 857 1736 eos
873 1699 1059 1747 cernimus,
1078 1704 1127 1745 ut,
1138 1701 1315 1752 quidquid
1340 1703 1423 1740 belli

71 1759 214 1798 fortuna
239 1760 417 1811 reliquum
443 1760 494 1798 rei
520 1761 674 1812 publicae
702 1762 834 1809 fecerit,
853 1763 892 1800 id
920 1775 994 1800 esse
1020 1763 1157 1801 salvum
1177 1765 1273 1812 velis,
1294 1766 1424 1816 quibus

17 1827 20 1830 ’
72 1822 239 1861 laudibus
257 1824 465 1862 efferemus?
493 1824 624 1875 quibus
642 1825 768 1863 studiis
781 1827 1062 1876 prosequemur?
1090 1840 1163 1877 qua
1176 1828 1427 1867 benevolentia

73 1885 376 1937 complectemur?
429 1887 599 1935 ParieteS,
620 1888 783 1926 ⁷medius
810 1888 926 1936 fidius,
955 1893 996 1926 ut
1024 1889 1113 1926 mihi
1141 1890 1290 1937 videtur,
1320 1892 1424 1943 liujus

73 1949 189 1996 euriae,
214 1950 281 1988 tibi
307 1950 440 2001 gratias
467 1964 574 2002 agere
601 1952 768 2002 gestiunt,
788 1951 909 2003 “quod
936 1953 1035 1990 brevi
1061 1957 1224 2004 tempore
1243 1955 1362 1992 futura
1381 1957 1424 1992 sit

72 2011 135 2050 illa
151 2013 339 2051 auctoritas
357 2013 395 2050 in
411 2013 466 2052 his
486 2014 663 2065 majorum
682 2028 828 2053 suorum
849 2020 885 2053 et
904 2016 974 2053 suis
993 2017 1147 2054 sedibus.

152 2075 217 2113 IV.
243 2075 435 2127 Equidem,
456 2077 593 2128 ¹quum
612 2078 652 2116 O.
671 2078 840 2126 Marcelli,
860 2079 922 2116 viri
942 2079 1065 2130 optimi
1095 2085 1131 2117 et.
1153 2080 1423 2131 incomparabili

74 2139 207 2192 pietate
224 2140 376 2190 praediti,
393 2139 556 2179 lacrimas
573 2143 685 2180 modo
703 2143 888 2180 vobiscum
908 2143 1076 2191 viderem,
1096 2144 1258 2181 omnium
1278 2144 1423 2182 Marcel-

73 2202 190 2240 lorum
207 2215 333 2241 meum
347 2208 472 2254 pectus
491 2206 666 2243 memoria
685 2205 842 2254 obfudit3
863 2207 993 2257 quibus
1013 2212 1052 2244 tu
1067 2207 1175 2244 etiam
1196 2208 1354 2256 mortuis,
1373 2208 1423 2247 M.

76 2265 245 2304 Marcello
272 2271 486 2314 conservato,
506 2268 720 2319 dignitatem
747 2282 851 2306 suam
878 2269 1074 2316 reddidisti,
1093 2270 1423 2322 nobilissimamque

75 2327 257 2376 familiam,
280 2329 358 2381 jam
386 2330 434 2367 ad
460 2343 593 2381 paucos
619 2332 815 2380 redactam,
835 2332 962 2383 ²paene
991 2334 1039 2370 ab
1065 2333 1207 2370 interitu
1230 2334 1424 2374 vindicasti.

78 2393 138 2430 11.
165 2390 277 2430 Hunc
295 2396 335 2430 tu
352 2392 461 2443 igitur
479 2393 579 2431 diem
597 2394 666 2431 tuis
684 2395 848 2433 maxumis
867 2400 904 2433 et
926 2395 1244 2434 innumerabilibus
1269 2397 1424 2448 gratula-

232 2482 245 2502 ἱ
