1571 2651
113 129 162 163 96
498 138 635 164 onArro
664 139 736 163 ruo
765 140 860 163 LEGE
889 139 1061 164 MANILIA.

110 238 246 276 factum
264 240 403 289 putetis,
423 240 519 290 quod
540 240 755 290 conjungant
776 254 877 290 reges
904 241 1144 291 potentissimi,
1177 246 1348 278 renovent
1375 241 1448 292 agi-

110 305 194 338 tatae
213 303 382 347 nationes,
409 302 598 352 suscipiant
624 303 771 352 integrae
799 308 932 352 gentes,
965 316 1077 341 novus
1107 304 1298 354 imperator
1329 310 1447 341 noster

111 363 270 413 accipiat,
290 368 405 400 vetere
426 364 581 400 exercitu
599 364 709 413 pulso.

189 425 237 462 X.
294 426 352 461 27.
380 425 472 461 Satis
491 425 578 461 mihi
599 426 711 462 multa
729 426 836 462 verba
855 426 975 463 feciffie
995 427 1123 473 videor,
1139 441 1249 477 quare
1270 435 1361 465 effi-„t
1379 428 1445 465 hoc

113 487 243 524 bellum
259 500 389 536 genere
410 488 483 537 ipso
497 488 741 533 necessarium,
756 489 1003 537 magnitudine
1022 489 1257 538 periculosum
1271 502 1278 526 :
1310 492 1445 537 ¹1-estat,

112 555 151 586 ut¹
171 550 216 586 de
236 550 448 598 imperatore
469 550 516 586 ad
538 550 575 586 id
602 549 738 585 bellum
767 550 967 599 deligendo,
996 563 1038 587 ac
1065 552 1172 587 tantis
1203 553 1309 588 rebus
1337 554 1443 602 praefi-

110 611 244 656 ciendo,
265 611 457 648 dicendum
478 624 552 647 esse
571 611 739 648 xideatur.
783 611 945 657 Utinam,
957 612 1120 657 Quilites,
1133 613 1286 649 virorum
1304 614 1445 651 fortium

109 681 219 722 atque
239 673 480 710 innocentium
500 674 639 723 copiam
657 679 795 710 tantam
814 674 1002 720 haberetis,
1023 675 1034 691 ²
1046 681 1087 711 ut
1104 675 1183 712 haec
1203 676 1302 712 vobis
1317 676 1446 713 delibe-

109 736 197 772 ratio
217 735 365 772 difficilis
393 741 492 782 esset,
522 749 718 786 quemnam
746 736 969 786 potissimum
1001 737 1107 773 tantis
1139 738 1244 774 rebus
1277 751 1318 775 ac
1349 743 1447 776 tanto

109 797 202 834 bello
234 798 502 847 przcficiendum
534 799 712 848 putaretis.
773 798 810 834 N
812 811 881 836 unc
908 812 991 836 vero
1025 799 1161 849 ³quum
1192 800 1237 836 sit
1264 813 1354 837 unus
1383 801 1446 838 Cn.

109 859 311 909 Pompeius,
332 861 392 910 qui
412 873 482 897 non
502 862 611 898 modo
631 874 755 898 eorum
774 861 971 907 hominum,
987 862 1046 912 qui
1066 875 1162 899 nunc
1181 868 1272 908 sunt,
1287 863 1446 913 gloriam,

108 923 172 959 sed
201 923 308 959 etiam
337 923 555 973 antiquitatis
582 924 796 960 memoriam
823 924 953 960 virtute
981 925 1162 974 superarit,
1191 938 1271 975 quae
1299 939 1353 962 res
1386 934 1447 973 est,

109 997 190 1033 quae
211 985 423 1034 cujusquam
443 986 607 1021 animum
626 986 663 1021 in
681 986 750 1022 hac
769 999 877 1022 causa
896 986 1049 1023 dubium
1067 987 1182 1023 facere
1201 988 1332 1037 possit?
1388 992 1446 1025 28.

107 1046 186 1096 Ego
213 1047 307 1083 enim
337 1048 385 1084 sie
411 1048 583 1094 existimo,
613 1048 671 1084 ⁴in
701 1061 843 1085 summo
872 1049 1084 1098 imperatore
1119 1055 1271 1100 quatuor
1297 1050 1361 1087 has
1392 1064 1447 1087 res

107 1109 219 1146 inesse
238 1116 407 1159 oportere,
427 1111 608 1147 scientiam
639 1111 689 1147 rei
719 1111 886 1157 militaris,
906 1111 1082 1157 virtutem,
1102 1113 1357 1159 auctoritatem,
1376 1113 1447 1150 feli-

108 1171 262 1208 citatem.
316 1171 406 1215 Quis
434 1172 541 1222 igitur
562 1172 631 1209 hoo
648 1172 792 1209 homine
811 1173 973 1209 scientior
991 1186 1151 1222 unquam
1179 1179 1240 1210 aut
1266 1174 1340 1221 fuit,
1362 1175 1446 1212 “aut

108 1246 182 1270 esse
202 1235 350 1271 debuit?
372 1235 391 1252 ‘⁶
403 1235 463 1284 qui
485 1248 504 1271 e
523 1234 608 1272 ludo
626 1240 736 1284 atque
755 1235 913 1284 pueritiae
942 1235 1140 1284 discipliniS,
1159 1236 1253 1273 bello
1279 1237 1446 1285 maximo,

107 1300 214 1346 atque
234 1297 410 1333 acerrimis
428 1297 596 1343 hostibus,
616 1298 662 1333 ad
676 1297 782 1347 patris
802 1297 1003 1343 exercitum,
1019 1302 1126 1347 atque
1144 1298 1181 1334 in
1195 1299 1327 1335 militiae
1348 1300 1446 1337 disci-

107 1359 240 1408 plinam
260 1360 433 1409 profectus
453 1365 525 1405 est;
556 1360 640 1409 ⁷qui
659 1365 821 1396 extrema
851 1360 1002 1410 pueritia
1027 1361 1127 1397 miles
1151 1362 1186 1397 in
1207 1363 1362 1399 exercitu
1380 1363 1445 1400 fuit

105 1422 237 1458 summi
266 1422 495 1472 imperatoria
521 1423 684 1459 ⁸ine1u1te
714 1423 957 1467 adolescentia,
986 1423 1134 1459 maximi
1162 1423 1235 1472 ipse
1271 1425 1446 1462 exercitus

106 1485 314 1534 imperator3
343 1485 403 1535 qui
422 1486 551 1535 saepius
570 1498 652 1522 cum
681 1486 693 1502 ⁹
706 1484 805 1521 hoste
830 1485 992 1531 conflixit,
1012 1498 1122 1535 quam
1150 1485 1341 1536 quisquam
1362 1500 1445 1524 cum

106 1547 248 1583 inimico
262 1547 494 1594 concertavit3
523 1547 623 1597 plura
636 1547 729 1584 bella
744 1547 862 1597 gessit,
878 1560 987 1597 quam
1000 1547 1104 1584 ceteri
1123 1547 1306 1598 legerunt3
1329 1549 1445 1599 plures

105 1609 299 1658 proxincias
327 1609 486 1655 confecit,
515 1622 627 1659 quam
663 1609 719 1646 alii
748 1609 1046 1659 concupiverunt;
1074 1609 1173 1659 cujus
1209 1611 1444 1649 adolescentia

106 1672 153 1708 ad
172 1672 355 1708 scientiam
380 1672 429 1708 rei
456 1672 614 1708 militaris
634 1685 704 1709 non
733 1672 853 1708 alienis
880 1672 1074 1722 praeceptiS,
1093 1672 1155 1708 sed
1182 1673 1254 1708 suis
1280 1673 1442 1722 imperiis

105 1746 176 1770 non
195 1733 442 1770 offensionibus
470 1734 562 1780 belli,
581 1735 645 1771 sed
664 1734 821 1780 victoriis,
848 1747 919 1771 non
947 1734 1138 1782 stipendiiS,
1165 1734 1230 1771 sed
1257 1735 1441 1785 triumphis

106 1800 159 1832 est
178 1795 327 1832 erudita.
381 1796 490 1838 Quod
517 1796 671 1846 denique
690 1809 804 1845 genus
831 1808 905 1832 esse
927 1795 1009 1832 belli
1036 1800 1160 1845 potest,
1179 1796 1215 1832 in
1243 1810 1316 1846 quo
1342 1798 1442 1834 illum

105 1869 178 1894 non
197 1856 394 1893 exercuerit
411 1857 550 1893 fortuna.
568 1857 617 1893 rei
642 1857 818 1906 publicae?
874 1857 900 1874 ¹⁰
911 1856 1030 1902 Oirile,
1048 1857 1267 1903 Africanum,
1286 1859 1442 1896 Transal-

105 1919 241 1969 pinum,
260 1918 505 1968 Hispaniense,
530 1919 684 1955 mixtum
703 1932 747 1956 ex
774 1919 926 1955 incitatis
953 1923 1060 1969 atque
1089 1919 1356 1958 bellicosissimis
1383 1934 1440 1958 na-

105 1982 269 2027 tionibus,
288 1981 422 2027 servile,
442 1981 565 2018 navale
584 1981 731 2027 bellum,
750 1981 846 2017 varia
864 1986 901 2018 et
919 1981 1054 2018 diversa
1073 1994 1205 2031 genera
1219 1987 1256 2019 et
1268 1983 1443 2020 bellorum

106 2049 141 2081 et
159 2043 325 2089 hostium,
335 2056 406 2081 non
424 2043 539 2080 solum
557 2044 656 2094 gesta
676 2044 722 2080 ab
741 2043 810 2081 hoo
827 2057 908 2088 uno,
923 2043 985 2080 sed
1006 2043 1113 2079 etiam
1128 2044 1295 2090 confecta,
1306 2045 1443 2082 nullam

105 2119 182 2143 rem
200 2119 274 2142 esse
294 2105 477 2143 declarant
495 2105 531 2142 in
549 2119 618 2142 usu
646 2106 796 2156 positam
823 2105 973 2151 militari,
1002 2118 1085 2156 quae
1113 2105 1219 2156 hujus
1246 2107 1309 2143 viri
1335 2107 1444 2144 scien-

106 2169 194 2205 tiam
213 2168 334 2218 fugere
353 2169 470 2218 possit.

184 2230 250 2267 XI.
306 2234 364 2267 29.
391 2230 477 2267 Jam
497 2244 580 2267 vero
598 2230 718 2267 w’rtuti
742 2230 807 2267 Cn.
826 2229 986 2279 Pompeii
1008 2243 1089 2279 quae
1118 2235 1234 2280 potest
1251 2231 1362 2268 oratio
1379 2244 1443 2281 par

105 2292 272 2330 inveniri?
326 2293 425 2337 Quid
444 2298 506 2340 est,
526 2294 623 2343 quod
643 2293 835 2343 quisquam
855 2298 917 2329 aut
934 2292 993 2330 illo
1013 2293 1174 2343 dignum,
1194 2299 1257 2330 aut
1273 2294 1370 2331 vobis
1382 2307 1442 2331 no-

108 2367 200 2401 vum,
215 2360 276 2392 aut
295 2356 463 2405 cuiquam
479 2356 681 2393 inauditum
694 2355 801 2406 possit
815 2355 960 2392 afferre?
1007 2355 1016 2372 ¹
1027 2355 1157 2406 Neque
1170 2356 1266 2393 enim
1279 2355 1347 2393 illae
1361 2362 1442 2393 sunt
