1596 2643
534 133 671 157 omno
700 133 739 157 11.
768 132 809 156 m
838 132 1056 157 CATILINAM.
1417 126 1464 159 13

121 249 235 286 quam
267 249 287 273 e
318 236 390 272 suis
421 236 586 273 faucibus
618 240 779 286 ereptam
812 248 886 272 esse
918 235 1043 286 luget3
1082 248 1164 285 quae
1199 236 1346 285 quidem
1379 237 1466 273 mihi

121 299 232 337 laetari
251 299 399 345 videtur,
419 299 518 349 quod
537 303 675 336 tantam
695 303 832 349 pestem
852 298 1048 335 evomuerit
1066 298 1230 348 forasque
1250 298 1441 348 projecerit.

199 363 244 399 H.
300 367 333 399 3.
360 363 413 399 At
429 362 460 398 si
479 362 558 412 quis
581 367 634 399 est
654 362 761 409 ¹talis,
781 362 904 412 quales
933 375 1008 399 esse
1035 375 1160 399 omncs
1188 362 1390 412 oportebat,-
1406 362 1467 412 qni

120 425 157 462 in
174 425 244 463 hoc
262 425 348 475 ipso,
366 425 402 462 in
422 439 496 476 quo
515 425 667 463 exsultat
686 432 722 462 et
740 425 939 476 triumphat
957 425 1068 463 oratio
1086 438 1179 472 mea,
1198 438 1258 462 me
1279 426 1469 462 vehemen-

120 492 174 524 ter
205 493 358 535 accuset,
391 488 490 538 quod
521 493 598 524 tam
631 488 820 538 capitalem
853 488 992 525 hostem
1030 501 1102 525 non
1135 488 1468 538 comprehenderim

120 551 246 601 potius,
275 564 387 601 quam
418 551 620 588 emiserim:
653 551 748 588 ²non
779 556 832 588 est
859 551 928 588 ist-a
956 564 1040 588 mea
1069 551 1185 601 culpa,
1214 551 1377 596 Quirites,
1405 551 1468 587 scd

121 618 335 664 temporum.
389 614 622 651 Interfectum
642 627 715 651 esse
736 613 774 651 L.
795 613 996 661 Catilinam,
1016 619 1054 651 et
1071 614 1278 664 grauissimo
1296 614 1469 663 supplicio

120 676 289 712 affectum
312 676 530 726 jampridem
557 677 767 726 opmtebat:
797 677 908 726 idque
928 689 949 713 a
971 690 1031 713 me
1059 682 1096 713 et
1123 689 1200 713 mos
1228 676 1415 726 majorum,
1434 681 1470 712 ct

119 738 227 788 hujus
245 738 383 788 imperii
402 739 575 785 severitaS,
588 744 624 776 et
642 751 697 776 res
716 739 862 789 publica
875 739 1089 789 postulabat.
1137 738 1148 756 ³
1160 739 1233 776 Sed
1248 752 1358 789 quam
1380 738 1469 774 mul-

122 806 174 839 tos
201 801 305 839 fuisse
332 803 474 852 putatiS,
495 803 568 852 qui,
588 815 671 852 quae
693 815 762 853 ego
781 802 966 849 deferrem,
986 815 1057 840 non
1082 803 1268 839 crederent
1282 803 1293 839 ἓ
1348 802 1469 846 Quam

119 865 261 911 multos,
281 865 344 915 qui
363 856 528 915 ⁴propter
546 865 732 902 stultitiam
761 878 833 902 non
858 867 1050 915 putarent?
1105 865 1227 909 Quam
1246 865 1387 910 multos,
1408 865 1468 915 qui

120 927 230 964 etiam
261 927 520 965 defenderent?
587 928 709 973 Quam
746 928 888 975 multos,
922 928 985 979 qui
1022 933 1166 979 propter
1202 928 1468 978 improbitatem

120 990 304 1028 faverent?
367 991 438 1028 ⁵Ac
466 991 504 1038 si,
533 991 593 1028 illo
620 991 772 1038 sublato,
802 991 932 1041 depelli
960 1004 982 1028 a
1008 991 1108 1029 vobis
1136 1004 1242 1028 omne
1261 991 1470 1041 periculum

114 1053 327 1104 judicarem,
350 1054 567 1104 Jalnprideln
592 1068 662 1104 ego
682 1054 720 1091 L.
740 1055 932 1092 Catilinam
959 1068 1032 1092 non
1059 1055 1169 1092 modo
1196 1054 1337 1091 i1m'diae
1367 1068 1469 1102 meze,

119 1128 244 1152 verum
272 1116 380 1152 etiam
410 1117 489 1154 vitae
519 1118 675 1167 peliculo
701 1118 930 1155 sustulissem.
986 1121 1019 1155 4.
1048 1118 1144 1155 ⁵Sed
1169 1131 1286 1168 quum
1311 1118 1470 1155 viderem

119 1191 165 1216 ne
184 1179 283 1216 vobis
303 1179 451 1229 quidem
471 1181 638 1217 omnibus
666 1194 703 1217 re
732 1181 841 1217 etiam
868 1185 949 1217 tum
976 1182 1135 1231 probata,
1155 1181 1182 1217 si
1202 1181 1314 1226 illum,
1335 1186 1376 1217 ut
1395 1185 1470 1218 erat

119 1241 276 1288 meritus,
304 1247 419 1279 morte
446 1243 664 1290 multassem,
692 1243 774 1290 fore,
803 1248 845 1280 ut
872 1244 949 1294 ejus
976 1244 1088 1281 socios
1119 1244 1252 1281 invidia
1283 1257 1470 1294 oppressus

119 1305 284 1355 pelsequi
312 1318 385 1343 non
413 1319 564 1356 possem,
591 1320 669 1344 rem
698 1307 773 1344 huc
802 1307 946 1354 deduxi,
975 1312 1018 1344 ut
1046 1312 1126 1344 tum
1157 1308 1277 1358 palam
1307 1321 1470 1358 pugnare

119 1368 275 1417 possetis,
307 1381 423 1418 quum
461 1369 602 1406 hostem
640 1375 761 1420 aperte
795 1370 967 1407 tide-retis.
1033 1370 1174 1414 ⁷Quem
1215 1371 1363 1420 quidem
1401 1383 1470 1420 ego

119 1429 269 1477 hostem,
297 1431 462 1478 QuiriteS,
491 1445 600 1482 quam
630 1433 863 1470 vehementer
889 1433 970 1471 foris
998 1447 1072 1471 esse
1100 1434 1306 1471 timendum
1333 1438 1470 1484 putem,

119 1491 203 1530 licet
221 1493 305 1530 hinc
322 1494 534 1544 intelligatiS,
554 1496 654 1545 quod
680 1496 789 1532 etiam
817 1496 905 1533 illud
932 1496 1081 1533 molesto
1100 1497 1184 1542 fero,
1199 1497 1298 1546 quod
1318 1510 1361 1533 ex
1381 1497 1470 1534 urbe

119 1569 249 1606 parum
275 1557 464 1594 comitatus
489 1558 620 1595 exierit.
673 1558 825 1596 Utinam
852 1559 910 1596 ille
937 1572 1062 1596 omnes
1089 1572 1213 1597 secum
1241 1572 1324 1596 suas
1352 1560 1471 1610 copias

120 1619 318 1657 eduxisset!
387 1620 612 1671 ⁸Tongilium
644 1621 732 1658 mihi
765 1622 898 1669 eduxit,
931 1635 1042 1672 quem
1075 1635 1196 1659 amare
1228 1622 1265 1659 in
1297 1627 1471 1673 praetexta

119 1688 297 1734 coeperat3
325 1684 533 1722 Publicium
553 1689 589 1722 et
608 1685 825 1732 Munatium,
845 1698 1001 1735 quorum
1030 1686 1100 1722 ⁹aes
1128 1686 1286 1723 alienum
1314 1691 1472 1724 contrac-

119 1750 200 1783 tum
218 1745 256 1783 in
274 1747 407 1797 popina
423 1747 566 1784 nullum
585 1747 635 1784 rei
655 1747 810 1798 publicae
837 1753 978 1785 motum
999 1748 1121 1785 afferre
1141 1753 1300 1798 poterat:
1329 1748 1471 1799 reliquit

119 1821 210 1860 quos
228 1809 318 1847 viros
331 1810 341 1847 lv
366 1815 504 1860 quanto
523 1823 593 1848 aere
613 1811 749 1848 alieno!
778 1825 890 1862 quam
911 1811 1087 1849 valentes!
1116 1825 1228 1861 quam
1247 1812 1404 1849 nobiles!

197 1872 263 1910 HI.
318 1878 352 1911 5.
379 1873 506 1924 Itaque
531 1887 600 1924 ego
627 1873 730 1911 illum
758 1875 955 1912 exercitum
977 1875 1035 1911 ¹et
1054 1875 1244 1912 Gallicanis
1272 1875 1471 1924 legionibus

119 1940 156 1972 et
172 1935 243 1974 hoc
262 1936 415 1983 delectu,
434 1949 546 1987 quem
563 1937 600 1974 in
621 1950 708 1987 agro
727 1937 861 1975 Piceno
881 1943 918 1975 ct
932 1938 1070 1975 Gallico
1089 1938 1132 1981 Q.
1146 1938 1312 1975 Metellus
1333 1938 1469 1977 habuit.

120 2002 158 2035 et
182 1997 237 2035 his
264 1999 382 2049 copiis,
403 1999 509 2050 ²quae
538 2012 560 2036 a
586 2000 688 2037 nobis
721 2001 881 2050 quotidie
913 2006 1173 2051 comparantur,
1202 2014 1336 2050 magno
1363 2014 1468 2050 opere

120 2065 320 2108 contemno,
340 2062 529 2100 collectum
558 2076 601 2100 ex
628 2063 773 2100 senibus
798 2064 1002 2113 desperatis,
1022 2077 1066 2101 ex
1087 2063 1237 2114 ³agresti
1259 2063 1406 2109 luxuria,
1426 2076 1468 2100 ex

119 2123 256 2161 rusticis
284 2124 540 2172 decoctoribus,
569 2139 612 2163 ex
640 2126 690 2173 iis,
717 2126 780 2177 qui
808 2127 1013 2164 vadimonia
1040 2127 1203 2164 deserere
1228 2138 1338 2176 quam
1368 2125 1468 2164 illum

119 2186 315 2224 exercitum
334 2188 560 2236 malue1·unt;
588 2189 721 2240 quibus
748 2202 818 2240 ego
844 2202 917 2227 non
943 2190 1054 2227 modo
1080 2190 1107 2225 si
1131 2189 1268 2226 ⁴acie1n
1297 2189 1469 2226 exercitus

119 2249 237 2301 nostri,
270 2262 397 2287 verum
434 2251 543 2288 etiam
580 2252 608 2288 si
647 2252 807 2289 edictum
845 2253 1004 2302 praetoris
1041 2252 1238 2297 ostendero,
1271 2251 1469 2289 concident.

120 2311 209 2360 Hoe,
229 2326 320 2364 quos
338 2314 444 2351 video
462 2315 607 2352 volitare
633 2315 668 2352 in
691 2315 776 2363 foro,
796 2329 887 2366 quos
905 2321 996 2352 stare
1018 2315 1064 2351 ad
1084 2314 1231 2361 curiam,
1251 2327 1341 2364 quos
1360 2315 1468 2352 etiam

119 2375 157 2414 in
185 2367 353 2414 senatum
381 2376 522 2425 venii-03
554 2378 619 2429 qui
647 2378 763 2416 nitent
794 2378 999 2429 unguentis
1021 2377 1106 2428 ‘’qui
1133 2377 1273 2428 fulgent
1301 2390 1469 2429 purpura,
