1596 2643
138 96 185 133 78
510 111 648 136 ORATIO
678 112 750 136 PRO
778 112 877 136 REGE
905 113 1102 138 DEIOTARO.

133 210 206 261 puli
227 211 380 248 Romani
399 214 662 260 extimescebat,
681 214 717 250 in
737 227 810 264 qua
828 215 938 252 etiam
965 228 1067 252 suam
1088 229 1161 253 esse
1189 216 1362 253 inclusam
1382 217 1477 255 vide-

133 273 217 320 bat;
244 274 280 310 in
300 287 446 312 summo
463 280 587 312 tamen
614 277 739 313 timore
759 277 1015 326 quiescendum
1042 278 1107 314 sibi
1127 292 1201 315 esse
1230 279 1476 316 arbitrabatur.

132 334 290 372 Maxime
311 350 393 373 vero
412 338 636 386 perturbatus
656 343 718 384 est,
739 344 780 374 ut
807 340 950 386 audivit,
979 340 1137 377 consules
1157 354 1200 377 ex
1227 341 1329 377 Italia
1360 341 1476 390 profu-

132 397 234 447 gisse,
265 412 464 448 omnesque
496 400 697 436 consulares
726 399 815 451 ⁴(sic
835 402 930 438 enim
955 402 988 438 ei
1018 401 1278 454 nuntiabatur),
1306 409 1473 440 cunctum

131 466 306 507 senatum,
336 466 451 498 totam
482 462 623 498 Italiam
652 476 727 499 esse
756 464 928 501 effusam:
966 465 1115 502 ⁵talibus
1153 466 1249 502 enim
1280 467 1410 502 nuntiis
1440 471 1475 503 et

131 524 333 560 rumom‘bus
360 525 510 574 patebat
537 525 585 561 ad
605 525 789 562 Orientem
809 526 875 572 via,
894 539 961 563 nec
980 527 1040 563 ulli
1060 528 1132 563 veri
1159 528 1473 578 subsequebantur.

133 586 231 622 Nihil
251 587 307 623 ille
329 587 397 624 ⁶de
418 588 678 624 conditionibus
696 588 774 635 tuis,
794 589 881 625 nihil
900 589 945 625 de
965 590 1083 626 studio
1103 591 1298 627 concordiae
1321 596 1356 627 et
1370 592 1474 641 pacis,

132 649 217 685 nihil
237 649 281 685 de
302 650 556 699 conspiratione
577 651 746 687 audiebat
766 656 943 688 certorum
973 652 1161 689 hominum
1183 658 1306 690 contra
1326 654 1475 703 dignita-

131 716 206 747 tem
226 716 336 748 tuam.
391 712 482 756 Quae
499 726 611 763 quum
631 713 681 749 ita
700 718 824 760 essent,
838 719 961 751 tamen
983 728 1094 764 usque
1109 728 1151 752 eo
1165 728 1202 752 se
1216 716 1339 761 tenuit,
1355 717 1474 766 quoad

131 787 153 810 a
173 774 237 811 Cu.
257 775 432 825 Pompeio
458 776 567 825 legati
588 777 634 813 ad
655 790 740 813 eum
774 777 959 827 literaeque
991 783 1172 815 venerunt.
1230 782 1287 815 12.
1316 779 1474 828 Ignosce,

130 837 284 887 ignosce,
306 838 434 885 Caesar,
461 839 488 875 si
518 840 592 889 ejus
611 840 671 876 viri
701 840 899 876 auctoritati
927 854 987 877 rex
1014 841 1206 878 Deiotarus
1235 842 1344 887 cessit,
1365 855 1471 891 quem

131 912 194 937 nos
214 914 339 938 omnes
357 903 468 939 secuti
488 915 632 948 sumus3
662 903 709 939 ad
729 916 838 952 quem
867 904 877 920 ⁷
889 917 1004 953 quum
1024 904 1071 940 dii
1091 909 1199 954 atque
1218 904 1380 941 homines
1400 918 1475 942 om-

131 963 191 999 nia
223 969 434 1001 ornamenta
466 965 731 1014 congessissent,
765 970 843 1002 tum
876 971 917 1002 tu
948 966 1021 1015 ipse
1054 966 1206 1016 plurima
1239 972 1274 1002 et
1306 967 1474 1004 maxima.

131 1024 260 1075 Neque
280 1027 387 1073 enim,
406 1027 435 1063 si
454 1032 526 1064 tuae
547 1041 601 1064 res
620 1032 731 1077 gestae
748 1033 947 1065 ceterorum
967 1029 1132 1066 laudibus
1152 1030 1404 1066 obsculitatem
1425 1034 1475 1066 at-

130 1088 300 1134 tulerunt,
332 1090 463 1127 idcirco
494 1090 558 1126 Cn.
588 1091 753 1140 Pompeii
786 1092 997 1128 memoriam
1036 1092 1227 1128 amisimus.
1289 1092 1474 1135 Quantum

131 1164 263 1188 nomen
283 1151 356 1201 ejus
380 1152 492 1199 fuerit,
513 1157 655 1202 quantae
677 1166 770 1202 opeS,
791 1159 928 1203 quanta
956 1154 992 1189 in
1011 1154 1109 1190 omni
1138 1167 1269 1203 genere
1299 1154 1473 1191 bellorum

130 1214 251 1264 gloria,
273 1214 418 1264 ⁸quanti
437 1215 588 1252 honores
607 1216 726 1265 populi
757 1216 920 1262 Romani,
942 1217 1065 1266 quanti
1090 1222 1241 1262 senatus,
1261 1217 1384 1267 quanti
1413 1218 1474 1264 tui,

131 1277 208 1327 quis
227 1277 393 1327 ignorat?
447 1279 561 1315 Tanto
580 1279 636 1315 ille
657 1279 873 1328 9superiores
893 1279 1024 1316 vicerat
1047 1279 1168 1329 gloria,
1189 1285 1322 1329 quanto
1341 1285 1381 1316 tu
1400 1294 1475 1317 om-

130 1340 235 1376 nibus
254 1340 453 1389 praestitisti.
507 1340 633 1391 Itaque
660 1341 724 1377 Cn.
744 1341 908 1391 Pompeii
937 1341 1040 1387 bella,
1068 1342 1237 1388 vietom'as,
1265 1342 1474 1392 triumphos,

131 1403 333 1439 consulatus
371 1403 586 1440 admirantes
623 1405 923 1450 numerabamus3
940 1409 1031 1440 -tuos
1062 1417 1271 1441 enumerare
1300 1417 1371 1441 non
1398 1418 1475 1455 pos-

129 1477 264 1501 sumus.

209 1527 254 1564 V.
312 1531 369 1564 13.
399 1528 407 1544 ¹
419 1528 482 1565 Ad
502 1541 587 1564 eum
613 1528 721 1578 igitur
739 1541 802 1565 rex
822 1528 1012 1565 Deiotarus
1031 1528 1136 1575 venit,
1155 1528 1224 1565 hoc
1242 1529 1372 1566 misero
1389 1529 1475 1566 fata-

130 1590 223 1640 lique
243 1589 347 1636 bello,
360 1604 471 1640 quem
487 1596 592 1627 antea
601 1591 705 1641 justis
723 1591 979 1640 hostilibusque
994 1591 1095 1628 bellis
1110 1591 1300 1641 adjuverat,
1315 1605 1474 1642 quocum

131 1658 206 1689 erat
225 1666 296 1690 non
315 1653 466 1703 hospitio
485 1653 611 1700 solum,
626 1667 753 1700 verum
773 1654 882 1690 etiam
905 1653 1140 1690 familiaritate
1161 1653 1386 1703 conjunctus3
1415 1654 1474 1691 ²et

131 1715 225 1751 venit
236 1715 291 1752 vel
302 1720 456 1765 rogatus,
468 1721 508 1752 ut
520 1716 666 1762 amicus,
688 1716 744 1752 vel
756 1716 949 1762 arcessitus,
961 1720 1001 1751 ut
1011 1715 1136 1761 socius,
1158 1715 1213 1751 vel
1225 1720 1401 1763 evocatus,
1421 1716 1474 1753 ³ut

129 1777 166 1823 is,
179 1777 239 1826 qui
248 1777 386 1813 senatui
400 1790 523 1827 parere
538 1778 733 1824 didicisset3
753 1783 932 1827 postremo
946 1777 1040 1814 venit
1059 1782 1098 1813 ut
1117 1777 1164 1814 ad
1175 1777 1382 1827 fugientem,
1403 1791 1470 1816 non

129 1844 170 1875 ut
188 1839 234 1876 ad
253 1839 510 1888 insequentem,
534 1840 572 1876 id
593 1844 646 1876 est
672 1840 720 1876 ad
739 1839 893 1889 periculi,
914 1852 984 1876 non
1005 1839 1052 1876 ad
1078 1839 1229 1876 iictoriae
1257 1840 1472 1878 societatem.

130 1901 142 1918 ⁴
153 1902 281 1951 Itaque
293 1901 498 1938 Pharsalico
509 1901 632 1951 proelio
650 1901 752 1948 facto,
766 1914 787 1938 a
799 1901 974 1951 Pompeio
985 1901 1142 1938 discessit
1153 1914 1161 1948 3
1180 1915 1282 1951 spem
1300 1902 1472 1939 infinitam

130 1964 294 2014 persequi
313 1964 447 2011 noluit3
477 1964 555 2001 ‘'vel
573 1964 697 2010 officio,
712 1964 740 2000 si
755 1964 844 2014 quid
864 1964 1047 2010 debuerat,
1068 1964 1123 2000 vel
1143 1964 1295 2011 errori,si
1307 1965 1395 2015 quid
1415 1979 1473 2003 ne—

129 2027 266 2073 scierat,
278 2027 495 2063 satisfactum
516 2039 590 2064 esse
611 2026 732 2073 duxit3
752 2027 902 2063 domum
916 2039 952 2063 se
966 2026 1121 2072 contulit,
1134 2031 1252 2076 atque,
1263 2027 1466 2065 Alexandri-

129 2103 218 2126 num
234 2089 371 2127 bellum
390 2094 535 2140 gerente
547 2094 592 2136 te,
612 2090 820 2126 utilitatibus
831 2089 902 2125 tuis
913 2089 1038 2139 pamit.
1089 2093 1146 2126 14.
1166 2089 1229 2126 Ille
1251 2090 1262 2107 ὃ
1275 2091 1469 2127 exercitum

131 2152 196 2188 Cn.
210 2152 369 2199 Domitii,
382 2152 589 2203 amplissimi
600 2152 671 2199 w'ri,
684 2152 754 2188 suis
766 2152 865 2189 tectis
876 2156 912 2188 et
924 2152 1029 2201 copiis
1042 2152 1249 2188 sustentaxit
1261 2165 1269 2199 3
1288 2152 1344 2189 ille
1356 2153 1471 2202 Ephe-

129 2228 210 2251 sum
232 2216 293 2252 ⁷ad
308 2229 403 2262 eum,
418 2229 530 2266 quem
548 2220 589 2252 tu
603 2229 647 2252 ex
666 2216 736 2251 tuis
763 2215 1008 2252 fidelissimum
1024 2220 1060 2251 et
1088 2215 1376 2265 probatissimum
1397 2229 1472 2252 om-

130 2278 235 2314 nibus
255 2278 426 2328 delegisti,
446 2278 764 2328 pecuniamniisit,
783 2277 840 2314 ille
862 2277 1021 2324 aiterum,
1040 2278 1097 2314 ille
1118 2278 1230 2324 tertio,
1249 2277 1471 2314 auctionibus

129 2339 240 2385 factis
259 2341 449 2391 pecuniam
479 2341 589 2388 dedit,
608 2354 680 2391 qua
712 2340 760 2378 ad
791 2340 927 2378 bellum
946 2350 1105 2388 uterere3
1133 2340 1190 2378 ille
1211 2353 1335 2390 corpus
1363 2353 1470 2378 suum
