1571 2651
115 111 187 144 112
464 122 600 148 onArlo
629 124 702 148 PRo
730 125 760 148 T.
787 123 909 149 ANNIO
939 125 1091 149 MILONE.

112 222 237 261 Clodio
254 224 373 270 factas,
392 237 458 262 nec
477 226 701 275 deprecaturi
728 239 860 272 sumus,
879 232 919 263 ut
946 227 1080 264 crimen
1096 227 1165 264 hoc
1184 226 1285 263 nobis
1303 230 1446 276 propter

110 285 226 321 multa
252 286 423 335 praeclara
451 287 488 323 in
513 300 589 324 rem
609 288 788 337 publicam
807 289 935 325 merita
954 289 1180 335 condonetis3
1208 301 1275 325 nec
1294 288 1446 338 postula-

111 348 190 394 turi,
210 353 260 395 ut,
278 349 307 385 si
325 362 420 386 mors
449 349 491 386 P.
511 349 624 387 Clodii
653 351 745 386 salus
773 355 889 388 vestra
918 352 1031 397 fuerit,
1049 352 1181 388 idcirco
1213 364 1295 388 eam
1326 351 1445 387 xirtuti

111 409 250 447 Milonis
286 411 403 460 potius
439 424 549 461 quam
586 413 707 461 populi
744 413 898 449 Romani
936 413 1091 450 felicitati
1128 413 1320 463 assignetis.
1384 413 1442 449 Sin

113 471 139 488 ¹²
149 472 241 508 illius
259 472 394 509 insidiae
424 472 584 509 clariores
613 473 681 509 hac
703 473 781 510 luce
810 474 948 520 fuerint,
967 479 1047 510 tum
1069 474 1223 523 denique
1243 474 1443 513 obsecrabo,

111 535 385 584 obtestaborque
406 548 475 580 vos,
496 535 642 584 judiceS,
661 535 688 571 si
710 540 826 572 cetera
845 536 1036 582 amisimus,
1054 536 1123 573 hoc
1141 537 1264 572 saltem
1286 536 1385 572 nobis
1405 543 1445 571 ut

111 596 338 645 relinquatur,
354 597 461 632 xitam
482 597 528 633 ab
542 597 768 634 inimicorum
790 598 940 634 audacia
958 598 1108 648 telisque
1128 603 1167 634 ut
1185 598 1330 648 impune
1345 598 1445 634 liceat

112 658 313 695 defendere.

190 720 253 757 ΠΙ.
310 720 341 757 ’7.
371 721 442 758 Sed
469 726 663 771 antequam
692 722 739 759 ad
774 722 877 759 1eam
910 723 1103 759 orationem
1134 723 1246 769 venio,
1279 735 1361 772 quae
1393 726 1446 758 est

111 783 254 832 propria
273 789 399 820 vestrae
429 785 640 837 quaestioniS,
659 785 826 821 videntur
856 798 900 822 ea
930 798 1002 822 esse
1031 786 1228 832 refutanda,
1248 798 1328 835 quae
1348 789 1383 821 et
1409 784 1445 820 in

111 850 236 882 senatu
255 847 302 883 ab
320 847 471 883 inimicis
489 860 584 897 saepe
598 848 733 897 jactata
751 853 841 893 sunt,
856 853 892 884 et
910 848 946 884 in
966 849 1132 885 concione
1152 849 1198 885 ab
1218 847 1396 897 improbis,
1411 851 1446 882 et

110 907 216 956 paulo
243 913 324 944 ante
353 909 398 945 ab
425 909 693 954 accusatoribus,
712 915 761 955 ut,
781 910 878 947 omni
908 923 1023 947 errore
1051 910 1200 956 sublato,
1228 923 1304 946 rem
1332 909 1445 958 plane,

111 982 191 1018 quae
216 970 334 1006 veniat
360 970 397 1006 in
423 971 610 1020 judicium,
631 972 749 1008 videre
777 972 924 1022 possitis.
977 972 1146 1022 27Negant
1173 972 1301 1008 intueri
1328 971 1445 1007 lucem

111 1044 185 1068 esse
204 1032 256 1068 fas
276 1033 317 1078 ei,
337 1033 398 1082 qui
419 1046 440 1069 a
458 1046 495 1070 se
523 1033 706 1070 hominem
737 1035 891 1071 occisum
912 1048 986 1071 esse
1004 1035 1168 1071 fateatur.
1221 1034 1262 1070 In
1283 1046 1354 1084 qua
1371 1039 1445 1069 tan-

111 1095 195 1130 dem
215 1096 304 1132 urbe
323 1095 392 1132 hoc
410 1096 572 1133 homines
592 1096 783 1133 stultissimi
811 1097 1017 1146 disputant?
1070 1097 1213 1147 Nempe
1233 1097 1269 1132 in
1290 1109 1341 1142 ea,
1361 1108 1443 1145 quae

110 1157 267 1206 primum
295 1158 471 1207 judicium
503 1159 547 1195 de
579 1159 691 1208 capite
722 1160 808 1196 vidit
835 1159 884 1196 M.
904 1160 1054 1206 Horatii,
1083 1159 1255 1196 fortissimi
1284 1158 1354 1204 viii,
1374 1158 1444 1207 qui,

111 1219 272 1255 nondum
302 1220 413 1257 libera
440 1221 592 1267 civitate,
617 1227 739 1258 tamen
768 1222 888 1271 populi
917 1222 1071 1258 Romani
1100 1222 1247 1259 comitiis
1279 1221 1445 1258 liberatus

110 1287 171 1326 est,
192 1294 303 1330 quum
333 1295 397 1318 sua
426 1296 538 1319 manu
566 1295 719 1320 sororem
749 1297 823 1320 esse
852 1284 1074 1321 interfectam
1092 1284 1270 1321 fateretru·.
1325 1287 1357 1319 8.
1385 1282 1444 1318 An

111 1347 162 1379 est
181 1344 382 1394 quisquam,
403 1345 464 1394 qui
494 1345 562 1381 hoc
589 1345 736 1395 ignoret,
757 1358 871 1395 quum
892 1346 937 1382 de
962 1346 1105 1383 homine
1126 1346 1237 1382 occiso
1257 1349 1444 1394 quaeratm,

112 1405 122 1421 ³
133 1411 194 1441 aut
213 1406 336 1455 negali
347 1407 457 1443 solere
477 1407 621 1444 omnino
641 1420 715 1444 csse
735 1408 880 1454 factum,
891 1413 952 1444 aut
970 1413 1065 1444 recte
1086 1413 1122 1444 et
1135 1407 1212 1457 jiire
1224 1407 1357 1443 factum
1372 1419 1445 1442 esse

111 1468 278 1505 defendi?
331 1469 342 1485 ⁴
354 1468 430 1505 Nisi
459 1482 542 1506 vero
572 1470 788 1516 existimatis
816 1470 1024 1507 dementem
1043 1470 1084 1506 P.
1103 1470 1312 1506 Africanum
1331 1469 1444 1514 fuisse,

111 1530 180 1580 qui,
201 1543 312 1579 quum
332 1544 353 1567 a
373 1531 412 1568 C.
427 1531 600 1577 Carbone,
620 1532 762 1569 tribuno
780 1532 902 1582 plebis,
921 1532 1085 1569 seditiose
1103 1533 1139 1569 in
1159 1532 1324 1579 concione
1343 1531 1443 1567 inter*

109 1598 303 1641 rogaretur,
334 1593 420 1643 quid
452 1593 497 1630 de
529 1594 579 1629 Ti.
600 1594 754 1630 Gracchi
783 1600 897 1631 morte
927 1594 1080 1641 sentiret,
1111 1593 1340 1643 responderit,
1365 1592 1444 1642 jure

111 1667 244 1691 caesum
264 1655 383 1691 w'deri.
438 1655 496 1691 ⁵N
498 1668 590 1705 eque
619 1656 714 1692 enim
742 1661 859 1705 posset
887 1661 948 1692 aut
966 1656 1085 1693 Ahala
1112 1656 1169 1693 ille
1189 1655 1362 1701 Servilius,
1382 1659 1444 1691 aut

110 1716 151 1752 P.
171 1716 312 1762 Nasica,
332 1721 394 1752 aut
412 1716 451 1753 L.
471 1717 644 1766 Opimius,
665 1723 727 1754 aut
745 1718 785 1754 C.
797 1718 941 1764 Marius,
961 1723 1032 1764 aut,
1051 1731 1110 1755 me
1130 1718 1281 1763 consule,
1299 1721 1443 1753 senatus

111 1790 182 1814 non
200 1777 351 1814 nefarius
369 1778 503 1823 haberi,
517 1779 545 1814 si
564 1779 751 1815 sceleratos
771 1780 862 1816 cives
881 1779 1031 1816 interfici
1051 1779 1146 1816 nefas
1166 1784 1264 1816 esset.
1317 1778 1443 1828 Itaque

110 1839 188 1886 hoc,
203 1840 351 1890 judiceS,
365 1853 437 1877 non
454 1841 527 1877 sine
547 1854 662 1887 causa,
678 1841 784 1877 etiam
804 1842 913 1878 ⁶fictis
925 1842 1062 1888 fabuhs,
1077 1842 1268 1878 doctissimi
1283 1841 1443 1878 homines

109 1903 294 1939 memoriae
319 1903 560 1952 prodiderunt,
589 1916 684 1949 eum,
714 1904 775 1953 qui
802 1904 912 1954 patris
939 1904 1129 1941 ulciscendi
1158 1917 1263 1941 causa
1292 1911 1441 1939 matrem

110 1964 313 2011 necavisset,
366 1964 500 2001 variatis
532 1964 721 2002 hominum
753 1965 942 2011 sententiis,
974 1978 1046 2002 non
1077 1965 1192 2003 solum
1222 1966 1349 2011 divina,
1381 1965 1443 2001 sed

111 2027 221 2063 etiam
239 2026 504 2076 sapientissimae
526 2028 603 2064 deae
631 2028 804 2064 sententia
831 2028 1029 2065 liberatum.
1084 2032 1117 2065 9.
1145 2029 1252 2072 Quod
1279 2028 1307 2064 si
1336 2028 1444 2065 8ἂιιο-

111 2089 228 2125 decim
245 2089 379 2126 tabulae
398 2095 607 2126 nocturnum
636 2090 750 2126 furem
770 2103 913 2140 quoquo
940 2091 1058 2137 modo,
1079 2091 1246 2127 diurnum
1265 2095 1397 2136 autem,
1416 2090 1444 2126 si

110 2165 147 2188 se
167 2152 237 2189 telo
256 2152 471 2199 defenderet,
491 2152 637 2189 interfici
657 2153 803 2202 impune
824 2153 1020 2199 voluerunt,
1041 2154 1119 2203 quis
1138 2158 1200 2199 est,
1212 2153 1285 2203 qui,
1301 2166 1445 2203 quoquo

110 2214 220 2251 modo
257 2214 336 2264 quis
372 2214 574 2252 interfectus
605 2215 658 2260 sit,
691 2215 913 2264 puniendum
945 2220 1055 2265 putet,
1088 2229 1201 2265 quum
1234 2215 1355 2252 videat
1386 2215 1444 2251 ali-

111 2277 256 2325 quando
274 2276 436 2333 gladium
456 2277 557 2313 nobis
577 2277 623 2313 ad
653 2276 837 2313 hominem
867 2278 1103 2314 occidendum
1130 2278 1176 2315 ab
1205 2277 1287 2328 ipsis
1315 2276 1445 2327 porrigi

109 2337 247 2388 legibus
261 2340 273 2376 ἓ
