1596 2643
568 123 706 149 ORATIO
735 124 774 150 11.
803 124 845 148 IN
873 123 1091 149 CATILINAM.
1454 117 1502 151 19

154 227 355 266 constituit:
384 225 496 277 ‘quas
515 239 584 276 ego
608 227 787 263 universas
815 226 946 264 civium
973 239 1047 263 esse
1076 226 1293 276 optimorum
1313 231 1347 263 et
1365 227 1503 264 fortissi-

155 303 297 328 morum
325 290 479 327 virorum
508 290 641 326 sentio:
669 290 732 326 sed
763 294 884 326 tamen
911 290 948 326 hi
979 294 1062 326 suut
1088 289 1212 335 coloni,
1241 290 1301 339 qui
1326 303 1363 326 se
1393 290 1429 326 in
1455 291 1501 326 in—

154 353 299 402 speratis
314 366 356 389 ac
370 352 559 402 repentinis
573 352 729 402 pecuniis
750 353 761 369 ⁹
771 352 1010 402 sumptuosius
1029 352 1304 401 insolentiusque
1314 352 1503 402 jacta-runt.

154 414 206 452 Hj
236 415 325 452 dum
356 415 544 461 aedificant,
563 419 752 465 tamquam
772 415 878 461 beati,
898 415 987 452 dum
1018 414 1168 465 praediis,
1196 414 1337 460 lecticis,
1366 415 1503 451 familiis

154 477 305 527 magnis,
334 477 497 515 conviviis
535 477 728 527 apparatis.
748 477 978 521 delectantur,
1015 477 1053 514 in
1090 481 1234 514 tantum
1267 490 1314 514 aes
1348 477 1503 513 alienum

153 539 362 586 inciderunt,
381 544 430 586 ut,
450 539 478 576 si
498 540 582 576 salvi
603 553 676 577 esse
697 540 814 586 velint,
834 540 932 577 Sulla
953 542 998 577 sit
1024 540 1065 577 iis
1085 541 1132 577 ab
1151 540 1267 577 inferis
1287 540 1503 598 excitandus²

154 603 225 646 Qui
257 603 365 640 etiam
396 602 582 640 nonnullos
613 607 777 653 agrestes,
806 603 968 640 homines
994 608 1118 640 tenues
1146 608 1255 653 atque
1284 608 1440 652 egentes,
1469 603 1503 639 in

153 665 309 702 eandem
328 665 427 702 illam
447 678 548 715 spem
571 665 596 682 ¹⁰
608 665 811 715 rapinarum
831 670 991 702 veterum
1010 665 1249 715 impulerunt,
1280 666 1304 682 ¹¹
1317 678 1406 715 quos
1426 679 1503 715 ego,

153 728 317 775 Quin'tes,
336 728 372 765 in
393 729 521 766 eodem
541 741 672 779 genere
693 729 932 779 praedatorum
962 729 1253 779 direptorumque
1273 742 1376 779 pono.
1431 729 1503 766 Sed

154 803 213 828 eos
240 790 310 828 hoc
337 803 489 828 moneo:
518 791 681 828 desinant
712 791 835 838 furere,
859 795 894 828 et
916 791 1219 841 ¹⁹proscriptioncs
1248 796 1284 828 et
1311 792 1504 829 dictaturas

153 855 320 905 cogitare.
373 855 506 892 Tantus
526 844 621 892 enim
640 855 780 892 illorum
795 859 995 904 temporum
1017 855 1117 892 dolor
1135 855 1270 892 inustus
1290 860 1343 892 est
1363 855 1503 902 civitati,

153 922 194 954 ut
215 918 291 968 jam
320 918 387 955 ista
413 930 485 955 non
504 918 615 955 modo
633 917 805 964 homines,
825 918 889 955 scd
908 931 953 954 ne
972 918 1130 968 pecudes
1150 918 1299 968 quidem
1319 918 1408 954 mihi
1426 931 1504 967 pas-

151 994 242 1018 surae
262 994 338 1018 esse
357 981 553 1018 videantur.

205 1045 254 1082 X.
310 1048 369 1082 21.
398 1044 576 1088 Quartum
604 1057 717 1094 genus
745 1048 799 1081 est
827 1057 913 1081 sane
941 1045 1078 1081 varium
1099 1049 1135 1081 et
1154 1044 1307 1081 mixtum
1327 1048 1363 1082 et
1381 1044 1504 1082 turbu.-

151 1107 310 1152 lentum3
341 1108 423 1158 lqui
437 1108 656 1158 jampridem
678 1112 896 1158 premuntur,
917 1107 979 1158 qui
998 1120 1183 1157 nunquam
1204 1112 1415 1158 emcrgunt3
1441 1107 1502 1158 qui

151 1172 280 1222 partim
299 1171 433 1217 inertia,
454 1171 583 1222 partim
602 1171 697 1208 male
717 1172 877 1221 gerendo
905 1171 1057 1221 negotio,
1078 1171 1207 1221 partim
1228 1172 1338 1208 etiam
1357 1171 1503 1222 sumpti-

151 1235 218 1272 bus
247 1234 283 1271 in
303 1239 421 1272 vetere
451 1247 519 1272 aere
549 1235 662 1272 alieno
687 1235 871 1281 vacillant,
901 1235 985 1285 ²qui
1014 1235 1233 1281 vadimoniis,
1256 1234 1406 1285 judiciis,
1425 1249 1503 1285 pro-

149 1297 396 1348 scriptionibus
421 1297 596 1335 bonorum
626 1297 821 1347 defatigati,
841 1297 1006 1347 permulti
1026 1301 1062 1334 et
1084 1310 1127 1334 ex
1156 1298 1255 1345 urbe,
1277 1302 1313 1335 et
1339 1311 1383 1334 ex
1411 1298 1502 1347 agris

149 1373 187 1398 se
216 1361 253 1396 in
282 1360 342 1397 illa
375 1364 488 1397 castra
514 1360 668 1397 conferre
695 1360 872 1397 dicuntur.
926 1360 1045 1397 Hosce
1075 1373 1144 1410 ego
1171 1373 1242 1397 non
1270 1365 1346 1397 tam
1373 1360 1502 1397 milites

150 1436 258 1469 acres,
278 1436 390 1472 quam
419 1423 643 1460 ⁸infitiatores
668 1423 781 1460 lentos
806 1436 881 1460 esse
913 1423 1072 1460 arbitror.
1127 1423 1219 1467 *Qui
1247 1423 1411 1461 homines
1435 1424 1502 1474 pri-

150 1499 254 1522 mum
272 1486 300 1522 si
319 1490 412 1523 stare
437 1499 508 1522 non
536 1491 690 1536 possunt,
711 1491 896 1523 corruant:
924 1487 988 1523 sed
1008 1486 1067 1532 ita,
1087 1491 1127 1523 ut
1150 1499 1222 1523 non
1242 1487 1352 1524 modo
1371 1487 1501 1535 cixdtas,

149 1549 214 1586 sed
241 1562 286 1586 ne
307 1548 407 1586 vicini
437 1549 585 1599 quidem
605 1549 752 1599 proximi
784 1549 948 1586 sentiant.
1002 1549 1100 1585 Nam
1129 1549 1216 1586 illud
1241 1562 1313 1586 non
1332 1549 1500 1600 intelligo,

149 1612 396 1662 quamobrem,
419 1611 466 1648 ⁵si
487 1611 603 1648 vivere
631 1611 778 1649 honeste
810 1625 882 1649 non
901 1616 1056 1662 possunt,
1077 1612 1190 1662 pcrim
1215 1612 1364 1662 turpiter
1382 1612 1500 1660 velint,

149 1679 212 1712 aut
231 1687 293 1712 cur
311 1674 446 1712 minore
467 1674 587 1712 dolore
602 1674 772 1724 perituros
790 1687 827 1711 se
844 1688 926 1712 cum
942 1675 1070 1721 multis,
1086 1688 1199 1724 quam
1218 1675 1245 1711 si
1265 1675 1327 1712 soli
1342 1680 1500 1725 pereant,

148 1737 372 1775 arbitrentur.
428 1741 487 1775 22.
525 1737 701 1781 Quintum
739 1750 853 1788 genus
892 1742 945 1775 est
982 1738 1246 1788 parficidarum,
1285 1737 1499 1784 sicariorum,

148 1801 303 1851 denique
323 1801 484 1839 omnium
509 1800 805 1848 facinorosorum
834 1814 923 1851 quos
951 1814 1020 1851 ego
1049 1814 1070 1838 a
1090 1801 1243 1838 Catilina
1261 1815 1331 1839 non
1351 1815 1498 1850 revoco3

147 1877 233 1901 nam
262 1877 383 1914 neque
410 1863 527 1901 divelli
559 1864 606 1901 ab
637 1877 680 1901 eo
709 1869 864 1914 possunt,
893 1868 930 1901 et
959 1868 1108 1914 pereant
1131 1878 1216 1901 sane
1244 1865 1279 1901 in
1308 1864 1498 1912 latrocinio,

147 1926 317 1977 quoniam
336 1930 418 1963 sunt
436 1926 487 1963 ita
505 1925 617 1973 multi,
637 1930 677 1963 ut
697 1939 756 1964 eos
776 1939 895 1964 carcer
922 1940 1048 1977 capere
1076 1940 1147 1964 non
1167 1927 1283 1977 possit.
1339 1927 1499 1964 ⁰Postro-

146 2002 250 2026 mum
278 1993 399 2026 autem
428 2002 542 2040 genus
570 1994 632 2036 cst,
652 2002 724 2027 non
752 1989 867 2027 solum
897 2003 1057 2036 numero,
1078 2004 1204 2027 verum
1232 1991 1340 2027 etiam
1367 2004 1497 2037 genere

145 2052 222 2102 ipso
241 2056 349 2103 atque
368 2052 450 2099 vita,
470 2052 568 2102 quod
588 2053 769 2103 proprium
789 2053 951 2090 Catilinae
971 2057 1032 2100 est,
1053 2054 1099 2090 de
1120 2054 1194 2102 ejus
1214 2053 1364 2099 delectu,
1384 2053 1497 2092 immo

146 2127 238 2161 vero,
259 2114 305 2152 de
335 2115 524 2166 complexu
556 2115 631 2165 ejus
664 2129 706 2153 ac
737 2116 837 2163 sinu;
871 2129 960 2166 quos
988 2129 1078 2166 pexo
1109 2116 1244 2166 capillo,
1272 2116 1412 2164 nitidos,
1435 2121 1494 2154 aut

144 2177 335 2222 imberbes
356 2181 417 2215 aut
436 2178 529 2216 bene
548 2179 717 2216 barbatos
737 2179 872 2226 vidctis,
893 2179 1078 2217 manicatis
1105 2183 1141 2215 ct
1168 2178 1339 2215 talaribus
1359 2179 1494 2228 tunicis,

145 2240 251 2277 ⁷velis
270 2240 426 2287 amictos,
445 2253 516 2278 non
535 2241 648 2291 togis3
678 2255 831 2292 quorum
859 2242 974 2280 omnis
1002 2242 1174 2279 industria
1194 2241 1331 2288 vitae‚9t
1350 2242 1495 2291 vigilan-

144 2303 182 2342 di
211 2303 312 2352 labor
340 2303 376 2340 in
407 2303 623 2341 antelucanis
654 2305 762 2342 coenis
792 2306 1017 2355 expromitur.
1074 2309 1132 2340 23.
1161 2304 1203 2341 In
1239 2304 1294 2341 his
1323 2306 1495 2356 gregibus

143 2379 268 2405 omnes
287 2365 467 2404 aleatores
485 2379 608 2404 omnes
636 2366 800 2415 adulteri,
826 2381 950 2405 omncs
976 2367 1105 2417 impuri
1133 2367 1377 2418 impudicique
1398 2368 1494 2407 ⁸ver-
