1571 2651
519 141 656 166 υκΑτῐο
685 140 758 164 PRO
787 139 883 163 LEGE
911 138 1084 162 MANILIA.
1398 131 1471 166 105

211 243 318 280 XIX.
373 246 432 280 56.
461 242 585 279 ¹Bono
611 246 646 278 te
675 241 804 288 animo,
827 240 871 283 Q.
890 238 1071 286 Hortensi,
1099 238 1251 289 populus
1279 238 1473 286 Romanus,

134 310 172 344 et
192 310 333 352 ceteros,
353 305 415 356 qui
435 309 535 342 erant
553 305 588 341 in
608 305 737 341 eadem
755 303 937 349 sententia,
953 302 1068 351 dicere
1089 301 1302 338 existimavit
1321 314 1372 347 ea,
1393 314 1474 351 quae

134 367 356 404 sentiebatis:
384 368 446 404 sed
465 372 589 404 tamen
608 366 645 402 in
664 366 777 402 salute
797 364 981 402 communi
999 364 1098 401 idem
1118 363 1272 413 populus
1286 363 1474 400 Romanus

134 429 270 467 ”dolori
289 443 354 467 suo
372 430 506 476 maluit,
527 442 636 479 quam
665 428 861 465 auctoritati
890 432 1013 464 vestrae
1033 427 1293 476 obtemperare.
1346 425 1475 476 Itaque

135 491 229 528 ‘'una
247 492 315 539 lex,
335 505 429 528 unus
448 492 507 538 vir,
527 505 621 528 unus
641 504 764 537 annus,
784 503 855 527 non
874 490 983 527 modo
1008 502 1071 526 nos
1097 489 1156 525 illa
1182 488 1324 525 miseria
1342 501 1384 525 ac
1404 493 1476 524 tur-

134 553 298 604 pitudine
325 554 506 600 liberaxit3
533 554 596 590 sed
617 553 724 590 etiam
748 553 872 598 effecit,
892 556 933 588 ut
960 551 1153 601 aliquando
1172 563 1253 587 vere
1273 550 1476 587 videremur

135 616 300 654 omnibus
319 616 488 666 gentibus
507 628 548 652 ac
566 615 767 652 nationibus
786 619 881 651 terra
900 614 1061 663 marique
1080 613 1267 663 imperare.

216 678 275 716 57.
303 678 408 721 “Quo
429 677 517 713 mihi
545 677 652 713 etiam
679 676 858 725 indignius
883 675 1020 712 videtur
1047 674 1288 711 obtrectatum
1314 686 1388 711 esse
1416 674 1477 711 ad-

134 739 217 786 hue,
251 740 405 776 Gabinio
437 739 565 785 dicam,
598 751 690 774 anne
723 737 907 787 Pompeio,
940 750 985 773 an
1017 736 1184 786 utrique?
1224 736 1263 773 id
1295 736 1393 786 quod
1425 740 1477 773 est

135 803 272 850 verius3
300 815 345 839 ne
366 802 543 852 legaretur
561 802 607 838 A.
627 801 800 837 Gabinius
819 800 885 836 Cn.
904 798 1079 849 Pompeio
1098 798 1278 849 expetenti
1300 812 1342 836 ac
1359 803 1477 849 postu-

134 865 231 902 lanti.
282 865 437 902 ⁵Utrum
457 865 526 911 ille,
541 864 603 914 qui
622 863 776 914 postulat
795 863 843 899 ad
862 867 1004 898 tantum
1023 861 1160 898 bellum
1180 861 1352 910 legatum,
1368 874 1475 911 quem

134 927 228 974 velit,
255 928 405 965 idoneus
434 940 505 964 non
535 931 597 973 est,
626 925 687 976 qui
717 925 892 975 impetret,
919 937 1032 974 quum
1059 923 1166 960 ceteri
1196 924 1243 960 ad
1271 924 1477 973 expilandos

136 990 259 1037 socios,
279 990 565 1040 diripiendasque
584 988 790 1039 provincias,
806 1001 894 1037 quos
908 987 1102 1032 voluerunt,
1117 986 1253 1036 legatos
1272 987 1477 1033 eduxerint3

137 1065 183 1089 an
201 1052 287 1102 ipse,
302 1052 402 1102 cujus
421 1052 499 1102 lege
518 1051 609 1087 salus
628 1064 670 1087 ac
685 1050 841 1100 dignitas
860 1049 990 1099 populo
1005 1048 1169 1085 Romano
1188 1052 1297 1098 atque
1312 1039 1478 1085 omnibus

135 1115 304 1165 gentibus
324 1115 513 1152 constituta
532 1119 593 1161 est,
614 1114 762 1163 5expers
782 1126 856 1149 esse
878 1113 987 1149 debet
1005 1111 1081 1161 ejus
1108 1111 1228 1161 gloriae
1256 1111 1478 1161 imperatoris

137 1181 244 1226 atque
265 1176 339 1227 ejus
358 1176 538 1222 exercitus,
558 1175 620 1226 qui
640 1175 782 1212 consilio
801 1175 910 1224 ipsius
935 1186 975 1210 ac
994 1173 1150 1223 periculo
1170 1177 1224 1209 est
1243 1173 1478 1210 constitutus?

138 1243 198 1276 58.
238 1239 299 1276 An
331 1238 371 1275 C.
403 1238 589 1284 Falcidius,
623 1237 665 1281 Q.
698 1237 872 1283 Metellus,
906 1236 949 1279 Q.
983 1235 1116 1272 Coelius
1156 1234 1375 1282 Latiniensis,
1414 1234 1479 1272 Cn.

135 1301 315 1348 Lentulus,
337 1314 425 1352 quos
443 1313 567 1338 omnes
587 1299 749 1336 ⁷honoris
777 1311 882 1336 causa
906 1298 1060 1344 nomino,
1081 1310 1195 1347 quum
1213 1297 1347 1334 tribuni
1366 1297 1479 1348 plebis

135 1363 291 1410 fuissent,
311 1376 405 1400 anno
422 1363 583 1413 proximo
601 1361 711 1412 legati
731 1374 805 1398 esse
823 1365 1035 1411 potuerunt3
1056 1360 1113 1397 ‘³in
1132 1373 1205 1397 uno
1225 1360 1380 1397 Gabinio
1397 1364 1480 1396 sunt

137 1432 211 1463 tam
231 1427 443 1477 diligentes?
471 1426 532 1476 qui
550 1426 587 1462 in
605 1425 675 1462 hoe
692 1424 796 1471 bello,
811 1424 910 1474 quod
927 1424 1006 1473 lege
1019 1423 1173 1460 Gabinia
1191 1423 1336 1473 geritur,
1356 1423 1392 1459 in
1411 1423 1480 1461 hoo

137 1489 349 1538 imperatore
379 1493 488 1538 atque
518 1487 684 1534 exercitu,
712 1499 822 1536 quem
852 1487 938 1536 ⁹per
966 1499 1027 1523 vos
1056 1486 1131 1537 ipse
1162 1486 1347 1532 constituit,
1370 1486 1481 1522 etiam

124 1543 318 1601 lpraeci'p‘uo
342 1551 526 1601 jureiesse
554 1549 726 1587 deberet?
792 1549 885 1585 ¹⁰De
914 1562 985 1598 quo
1012 1536 1167 1598 legando
1195 1548 1353 1585 consules
1379 1561 1481 1598 spero

138 1614 186 1651 ad
213 1607 378 1650 seii-atum
405 1613 583 1650 relaturos.
637 1612 708 1655 Qui
736 1611 765 1648 si
790 1611 1016 1657 dubitabunt,
1041 1615 1103 1647 aut
1130 1610 1383 1661 gravabuntur,
1414 1624 1481 1661 ego

137 1688 196 1712 me
216 1675 381 1725 profiteor
399 1674 613 1721 relaturum3
640 1686 758 1723 neque
778 1686 837 1710 me
864 1673 1040 1723 impediet
1059 1673 1269 1723 cujusquam
1296 1672 1481 1709 inimicum

138 1737 309 1785 edictum,
344 1738 369 1754 ¹¹
381 1750 453 1787 quo
485 1736 602 1773 minus
632 1736 734 1773 vobis
765 1736 882 1782 fretus,
916 1740 1072 1773 vestrum
1106 1735 1163 1785 jus
1195 1735 1482 1786 beneficiumque

137 1800 352 1847 defendam3
384 1812 501 1850 neque
522 1799 689 1849 ¹²praeter
707 1798 996 1835 intercessionem
1016 1798 1216 1848 quidquam
1236 1797 1405 1845 audiam3
1435 1798 1481 1835 de

138 1875 218 1914 qua,
247 1868 288 1900 ut
317 1863 475 1909 arbitror,
502 1862 561 1899 isti
590 1861 666 1912 ipsi,
686 1861 748 1912 qui
777 1861 966 1908 minantur,
986 1861 1097 1898 etiam
1123 1865 1231 1911 atque
1256 1861 1374 1908 etiam,
1395 1861 1483 1911 quid

137 1926 251 1973 liceat,
280 1925 563 1963 considerabunt.
629 1924 714 1961 Mea
740 1924 888 1974 quidem
916 1924 1101 1971 sententia,
1129 1923 1292 1970 Quin'tes,
1320 1937 1412 1960 unus
1437 1925 1482 1961 A.

139 1989 322 2035 Gabinius,
342 1988 426 2026 belli
445 1987 618 2025 maritimi
643 2000 835 2038 rerumque
853 1992 1037 2038 gestarum
1057 1987 1122 2024 Cn.
1140 1987 1314 2037 Pompeio
1335 1987 1483 2024 ”soc-im

139 2050 371 2098 adscribitur3
403 2054 590 2100 propterea
608 2050 708 2100 quod
727 2049 753 2067 ¹⁴
765 2050 852 2086 alter
871 2049 932 2085 uni
951 2049 1041 2086 illud
1059 2048 1196 2085 bellum
1216 2048 1482 2098 suscipiendum

139 2112 262 2150 vestris
280 2112 454 2162 suffragiis
474 2111 610 2159 detulit,
631 2112 718 2149 alter
737 2112 897 2149 delatum
917 2116 1197 2161 susceptumque
1218 2111 1378 2148 confecit.

218 2174 307 2211 XX.
362 2177 421 2212 59.
449 2173 645 2225 Reliquum
666 2179 728 2221 est,
751 2175 814 2210 ¹ut
832 2175 878 2211 de
899 2174 942 2218 Q.
963 2174 1080 2210 Catuli
1109 2172 1318 2210 auctoritate
1347 2177 1384 2209 ct
1407 2185 1481 2209 sen-

139 2236 251 2274 tentia
277 2236 472 2274 dicendum
500 2249 574 2274 esse
596 2237 766 2274 videatur.
819 2236 913 2280 2Qui
933 2249 1047 2286 quum
1068 2248 1111 2271 ex
1132 2235 1230 2271 vobis
1250 2238 1434 2284 quaercrct,
1454 2237 1481 2272 si

139 2301 176 2338 in
195 2313 266 2338 uno
285 2299 350 2336 Cn.
368 2299 545 2349 Pompeio
563 2300 686 2337 omnia
712 2299 900 2350 poneretis,
921 2299 949 2335 si
977 2299 1066 2348 quid
1093 2311 1135 2334 co
1162 2298 1298 2334 factum
1327 2302 1426 2345 esset,
1445 2298 1483 2335 in

141 2376 214 2415 quo
230 2370 337 2414 spemv
353 2361 474 2400 essetis
492 2361 661 2409 habituri,
682 2362 777 2413 cepit
802 2369 978 2412 magnum
1005 2373 1079 2397 suoe
1101 2359 1236 2396 virtutis
1263 2359 1420 2398 fructum
1439 2373 1483 2398 ac
