1571 2651
458 140 594 165 omno
623 139 697 164 rao
725 139 754 164 T.
784 139 905 163 Axmo
936 140 1090 164 MiLoxE.
1372 133 1443 166 1:39

103 244 238 282 tuosius
257 244 433 281 vidimus?
486 242 679 292 Templum
707 242 912 288 sanctitatis,
932 243 1184 292 amplitudinis,
1205 243 1345 289 mentis,
1366 257 1445 281 con-

99 307 164 343 silii
186 306 328 356 publici,
349 310 457 356 caput
475 305 580 351 urbis,
601 318 700 342 aram
720 305 910 351 sociorum,
922 310 1066 354 portum
1085 305 1250 342 omnium
1271 307 1446 355 gentium,

99 370 225 407 sedem
262 370 308 406 ab
346 370 508 406 universo
545 368 677 418 populo
718 381 923 405 concessam
962 368 1022 404 uni
1061 368 1185 415 ordini,
1224 368 1448 416 inflammari,

100 432 269 477 exscindi,
289 432 456 469 funestari
473 433 484 469 2
513 432 656 481 ‘’neque
684 431 721 467 id
743 431 815 467 fieri
839 444 860 467 a
879 431 1110 468 multitudine
1130 431 1303 481 imperita,
1324 445 1447 482 quam-

99 507 210 544 quam
231 500 324 531 esset
351 495 521 531 miserum
542 494 579 531 id
608 495 736 544 ipsum,
755 495 819 530 sed
851 495 898 531 ab
925 495 1021 531 uno?
1075 494 1146 537 Qui
1168 507 1284 544 quum
1306 499 1445 531 tantum

99 570 208 593 ausus
226 557 271 593 sit
291 563 387 594 ustor
406 570 470 607 pro
490 563 640 601 mortuo,
661 557 749 607 quid
769 557 914 606 signifer
933 569 996 606 pro
1016 556 1095 593 κῆνο
1115 569 1185 593 non
1206 561 1298 593 esset
1318 559 1446 593 ausus?

100 620 142 656 In
162 621 300 657 curiam
322 621 545 670 potissimum
575 620 711 669 abjecit,
732 624 771 655 ut
801 632 882 656 eam
910 624 1072 655 mortuus
1102 619 1317 665 incenderet,
1337 633 1447 669 quam

100 683 200 719 vivus
233 687 417 719 everterat.
472 686 532 719 91.
563 683 588 699 ¹⁰
599 683 644 718 Et
675 686 768 728 sunt,
807 682 868 731 qni
906 682 953 718 de
993 682 1049 718 xia
1088 682 1206 731 Appia
1245 687 1447 732 querantur,

100 749 243 782 taceant
271 746 318 782 de
338 746 460 783 curia?
491 746 564 781 ”et
583 745 644 795 qui
669 745 716 782 ab
747 757 790 781 eo
809 744 965 794 spirante
986 744 1103 781 forum
1134 749 1264 794 putent
1292 744 1448 794 potuisse

98 809 253 854 defendi,
286 809 389 859 cujus
421 821 491 845 non
525 808 691 845 restiterit
720 807 884 844 cadaveri
914 807 1039 844 curia?
1094 807 1268 853 Excitate‚
1297 806 1448 844 excitate

97 871 228 921 ipsum,
247 871 276 908 si
305 872 460 922 potestiS,
481 885 502 908 a
530 871 689 908 mortuis.
743 870 929 920 Frangetis
957 871 1135 920 impetum
1163 871 1240 916 vivi,
1262 871 1361 921 cujus
1391 871 1448 907 w’x

97 935 275 971 sustinetis
305 935 414 971 furias
443 935 635 984 insepulti?
692 935 716 951 ¹²
731 934 807 970 Nisi
836 947 919 971 vero
947 934 1158 970 sustinuistis
1186 947 1254 980 (305,
1281 935 1447 984 quicum

99 996 233 1032 facibus
263 997 311 1032 ad
341 996 479 1033 curiam
509 1001 770 1041 concurrerunt,
800 1009 886 1032 cum
918 995 1068 1032 falcibus
1101 996 1145 1032 ad
1179 996 1343 1042 Castoris,
1363 1009 1448 1033 cum

97 1058 226 1108 gladiis
258 1063 335 1096 toto
367 1059 440 1096 foro
468 1058 670 1095 volitarunt.
725 1057 827 1095 Caedi
861 1057 994 1094 w'distis
1025 1058 1200 1107 populum
1229 1058 1448 1105 Romanum,

96 1120 305 1157 concionem
325 1121 455 1171 gladiis
473 1120 677 1166 disturbari,
700 1121 725 1137 ¹³
737 1134 850 1170 quum
871 1121 1052 1157 audiretur
1078 1120 1216 1157 silentio
1235 1121 1283 1157 M.
1303 1121 1447 1166 Coelius,

97 1182 260 1220 tribunus
279 1182 404 1232 plebis,
419 1182 472 1219 vir
492 1188 529 1219 et
546 1183 583 1219 in
604 1196 641 1219 re
657 1183 800 1232 publica
819 1183 1038 1228 fortissimus,
1054 1188 1090 1219 et
1109 1183 1144 1218 in
1164 1188 1327 1233 suscepta
1342 1196 1448 1220 causa

98 1246 326 1292 firmissimus,
346 1252 382 1284 et
411 1246 588 1284 bonorum
619 1246 792 1283 voluntati
824 1251 861 1283 et
891 1246 1089 1282 auctoritati
1118 1252 1264 1282 senatus
1293 1247 1448 1293 deditus,

99 1308 172 1346 “et
201 1309 237 1346 in
265 1309 334 1346 hac
354 1309 494 1346 Milonis
520 1309 595 1346 sive
625 1309 768 1355 inxidia,
787 1309 859 1346 sive
889 1309 1030 1345 fomma
1058 1308 1241 1358 singulari,
1261 1309 1382 1345 divina
1411 1314 1448 1345 et

96 1371 293 1409 incredibili
308 1371 391 1409 fide.

176 1435 360 1471 XXXIV.
415 1438 475 1471 92.
505 1435 513 1451 ¹
530 1434 601 1471 Sed
617 1434 692 1484 jam
714 1433 798 1470 satis
818 1433 934 1470 multa
955 1434 1000 1470 (le
1021 1446 1151 1479 causa3
1181 1438 1282 1469 extra
1301 1446 1446 1469 causam

97 1496 207 1534 etiam
227 1497 339 1544 nimis„
352 1497 498 1533 fortasse
518 1497 644 1533 multa.
698 1497 796 1540 Quid
817 1501 935 1542 restat,
957 1496 1019 1532 nisi
1042 1501 1081 1532 ut
1100 1509 1199 1533 orem
1219 1497 1446 1546 obtesterque

98 1573 168 1606 vos,
194 1559 344 1609 judices,
365 1565 404 1596 ut
423 1572 505 1596 cam
527 1558 806 1596 miscricordiam
828 1558 992 1595 tribuatis
1022 1558 1211 1595 fortissimo
1232 1558 1312 1603 viro,
1332 1571 1446 1608 quam

99 1622 172 1672 ipse
204 1635 275 1659 non
306 1622 482 1672 implorat,
516 1621 617 1671 ²ego,
649 1621 760 1657 ctiam
792 1625 1015 1670 1·e1·›ugnante
1050 1620 1127 1665 hoc,
1162 1626 1198 1656 et
1230 1620 1380 1670 imploro
1412 1630 1447 1657 et

96 1686 276 1734 exposco?
330 1684 461 1730 Nolite,
489 1684 528 1731 si,
555 1684 592 1720 in
622 1689 741 1721 nostro
771 1684 937 1721 omnium
969 1684 1064 1729 flctu,
1095 1683 1229 1719 nullam
1261 1683 1447 1720 lacrimam

97 1746 306 1797 adspexistis
333 1747 482 1793 Milonis,
509 1747 537 1783 si
567 1746 703 1782 vultum
732 1759 877 1796 semper
907 1746 1075 1792 eundem,
1103 1746 1130 1781 si
1162 1758 1295 1791 vocem,
1315 1745 1342 1782 si
1373 1759 1448 1782 ora-

96 1809 231 1846 tionem
260 1809 426 1846 stabilem
455 1822 496 1845 ac
525 1821 595 1845 non
622 1813 801 1845 mutatam
831 1808 969 1854 videtis,
990 1808 1058 1845 hoc
1086 1808 1205 1843 minus
1233 1808 1265 1843 ei
1293 1820 1447 1857 parcere.

98 1871 236 1908 3Ηειὶιά
255 1871 338 1917 scio,
357 1884 404 1907 an
424 1870 539 1908 multo
563 1870 673 1908 etiam
693 1870 740 1907 sit
767 1870 994 1920 adjuvandus
1012 1870 1138 1919 magis
1191 1870 1334 1906 Etenim
1354 1870 1381 1905 si
1412 1871 1446 1906 in

97 1934 315 1983 gladiatoriis
333 1934 473 1984 pugni3‚
493 1939 530 1971 ct
553 1934 590 1970 in
608 1933 721 1970 infimi
742 1933 882 1983 generis
910 1933 1096 1970 hominum
1117 1933 1318 1970 conditione
1338 1938 1447 1982 atquo

97 1997 248 2042 fortuna,
276 1996 421 2034 timidos
449 2002 558 2046 atque
585 1996 770 2046 supplices,
800 2001 836 2033 et
863 2001 905 2032 ut
935 1996 1049 2032 vivere
1084 1995 1186 2031 liceat
1214 1995 1447 2036 obsecramus,

98 2059 209 2096 etiam
229 2059 345 2096 odisse
371 2058 536 2104 solemus,
557 2059 661 2096 fortes
689 2064 725 2095 et
753 2058 941 2104 animosos,
962 2064 998 2094 et
1025 2071 1062 2094 se
1084 2058 1211 2094 acriter
1231 2057 1323 2106 ipsos
1344 2054 1448 2093 morti

98 2122 293 2167 offerentes,
320 2134 460 2158 servare
489 2122 679 2171 cul‘iimus3
713 2122 934 2171 ⁴eorumque,
963 2134 1026 2157 nos
1055 2121 1171 2168 magis
1202 2119 1356 2164 miseret,
1385 2117 1448 2169 qui

99 2190 257 2221 nostram
285 2184 562 2221 misericordiam
594 2197 664 2222 non
686 2185 878 2234 requirunt,
899 2197 1009 2233 quam
1033 2183 1090 2233 qui
1122 2182 1217 2218 illam
1241 2182 1448 2231 efflagitant,

99 2253 235 2298 quanto
255 2247 323 2283 hoc
343 2247 459 2296 magis
479 2247 514 2283 in
535 2246 732 2284 fortissimis
753 2248 890 2284 civibus
905 2248 1020 2283 facero
1041 2246 1243 2282 debemus?
1299 2249 1360 2282 93.
1387 2245 1448 2283 Me

99 2310 258 2360 quidem,
283 2309 432 2359 judices,
453 2309 670 2354 exanimant,
691 2315 727 2347 et
752 2310 960 2346 interimunt
988 2309 1044 2345 liae
1067 2320 1169 2344 voces
1189 2307 1338 2353 Milonis,
1359 2320 1447 2358 quas

98 2372 206 2410 audio
243 2367 394 2418 assidue,
427 2377 464 2409 et
497 2371 628 2421 quibus
659 2372 831 2409 intelsum
867 2371 1036 2420 qiwtidio.
1091 2372 1109 2389 “
1126 2369 1289 2416 Valeant,
1321 2370 1448 2421 inquit,
