1596 2643
598 631 1016 680 ORATIO

234 799 479 875 PRO
571 799 668 888 Q.
757 800 1368 875 LIGARIO.

214 1123 242 1161 l.
299 1127 331 1161 1.
360 1123 526 1161 ¹Novmu
555 1125 698 1171 crimen,
719 1125 758 1162 O.
778 1124 909 1171 Caesar,
929 1129 965 1161 et
992 1129 1074 1161 ante
1102 1124 1198 1161 hunc
1217 1124 1314 1161 diem
1338 1123 1478 1161 inaudi-

139 1189 223 1231 tum,
251 1186 470 1237 propinquus
497 1200 600 1224 meus
628 1188 673 1224 ad
702 1192 738 1224 te
767 1187 810 1230 Q.
829 1187 972 1224 Tubero
1000 1187 1137 1233 detulit,
1165 1186 1207 1230 Q.
1231 1186 1413 1236 Ligarium
1440 1186 1477 1222 in

140 1248 257 1285 Africa
285 1249 410 1295 fuisse3
444 1250 577 1299 2idque
605 1250 644 1286 O.
665 1250 791 1296 Pansa,
819 1250 998 1300 praestanti
1026 1250 1078 1286 vir
1104 1249 1258 1299 ingenio,
1277 1249 1386 1286 fretus
1413 1249 1478 1286 for-

140 1315 226 1347 tasse
246 1311 484 1349 familiaritate
500 1326 551 1358 ea,
567 1325 648 1362 quze
665 1318 717 1349 est
737 1312 768 1349 ei
789 1317 920 1359 tecum,
933 1325 1040 1348 ausus
1060 1317 1113 1349 est
1127 1312 1292 1349 confiteri.
1339 1312 1477 1363 Itaque,

139 1386 209 1423 quo
236 1387 296 1410 me
325 1380 469 1421 vertam,
498 1375 623 1412 nescio.
686 1375 860 1411 ³Paratus
890 1375 987 1412 enim
1017 1388 1194 1421 veneram,
1226 1388 1339 1424 quum
1369 1379 1409 1411 tu
1439 1375 1478 1412 id

137 1449 255 1486 neque
275 1450 338 1486 per
356 1442 392 1473 te
411 1438 525 1483 scires,
546 1450 663 1488 neque
685 1438 807 1475 audire
828 1438 971 1474 aliunde
990 1437 1171 1487 potuisseS,
1192 1442 1231 1473 ut
1258 1437 1478 1487 ignoratione

136 1504 199 1535 tua
218 1500 263 1536 ad
283 1499 439 1536 hominis
458 1500 577 1536 miseri
596 1500 749 1537 salutem
772 1500 947 1537 abuterer.
993 1500 1004 1516 ‘¹
1016 1500 1087 1536 Sed
1103 1499 1274 1550 quoniam
1294 1499 1479 1550 diligentia

136 1562 273 1599 inimici
294 1563 547 1613 investigatum
566 1568 626 1609 est,
647 1564 744 1613 quod
767 1563 908 1609 latebat,
929 1562 1174 1600 confitendum
1195 1567 1256 1608 est,
1275 1567 1316 1598 ut
1334 1562 1478 1612 opinor3

136 1625 332 1675 praesertim
361 1639 473 1676 quum
501 1638 604 1662 meus
631 1626 848 1662 necessarius
868 1626 987 1662 Pansa
1005 1625 1136 1671 fecerit,
1159 1625 1219 1661 ⁵ut
1237 1625 1277 1661 id
1295 1625 1478 1675 integrum

133 1688 210 1738 jam
230 1701 302 1725 non
321 1693 434 1725 esset:
462 1689 663 1738 omissaque
684 1688 928 1734 controvelsia,
949 1688 1065 1725 omnis
1084 1688 1195 1724 oratio
1214 1688 1260 1724 ad
1286 1688 1478 1725 misericor-

138 1751 237 1787 diam
270 1755 372 1786 tuam
406 1751 618 1787 conferenda
645 1756 707 1796 est,
737 1763 809 1800 qua
838 1750 983 1800 pliu'imi
1015 1755 1099 1786 sunt
1131 1750 1335 1796 conservati,
1365 1764 1477 1800 quum

138 1826 160 1850 a
186 1818 222 1850 te
252 1826 324 1850 non
354 1813 603 1850 liberationem
632 1813 757 1863 culpae,
785 1814 849 1850 sed
877 1812 980 1849 errati
1010 1812 1153 1849 veniam
1186 1812 1478 1862 impetravissent.

140 1880 173 1913 2.
201 1877 326 1913 Habes
344 1876 463 1926 igitur,
483 1876 636 1921 Tubero,
658 1877 756 1926 quod
784 1881 836 1912 est
864 1876 1057 1913 accusatori
1085 1875 1243 1912 maxime
1268 1877 1479 1925 optandum,

139 1939 370 1977 confitentem
398 1951 526 1976 reum:
559 1939 623 1976 sed
651 1944 773 1975 tamen
800 1939 869 1976 hoc
897 1939 1137 1985 confitentem,
1159 1939 1216 1976 ⁶se
1245 1939 1282 1975 in
1310 1952 1353 1976 ea
1380 1945 1479 1989 parte

138 2003 254 2049 fuisse,
287 2015 362 2053 qua
391 2007 438 2049 te,
470 2016 542 2053 qua
573 2002 688 2039 virum
722 2002 821 2039 omni
859 2002 965 2039 laude
999 2002 1160 2051 dignum,
1193 2007 1331 2052 patrem
1366 2008 1478 2040 tuum.

139 2066 267 2116 Itaque
299 2066 395 2116 prius
428 2066 473 2102 de
507 2071 621 2102 vestro
653 2065 783 2102 delicto
816 2065 1058 2101 confiteamini
1096 2078 1237 2102 neeesse
1272 2070 1333 2111 est,
1366 2079 1478 2115 quam

140 2128 272 2178 Ligarii
291 2128 400 2164 ullam
421 2128 562 2178 culpam
581 2127 856 2178 reprehendatis.

219 2190 263 2234 Q.
283 2190 379 2227 enim
399 2190 571 2240 Ligarius,
592 2203 703 2240 quum
736 2195 825 2226 esset
852 2190 949 2226 nulla
976 2190 1059 2226 belli
1087 2190 1249 2240 suspicio,
1276 2189 1416 2240 legatus
1443 2190 1479 2226 in

143 2253 300 2290 Africam
331 2266 415 2291 cum
447 2253 510 2290 ⁷C.
538 2253 706 2291 Considio
735 2252 912 2302 profectus
942 2257 1018 2298 est3
1059 2266 1132 2303 qua
1160 2252 1198 2289 in
1227 2252 1414 2303 legatione,
1444 2257 1479 2289 et

142 2316 275 2352 civibus
303 2321 339 2353 et
364 2316 466 2353 sociis
492 2316 543 2352 ita
569 2328 606 2352 se
633 2315 804 2365 probavit,
824 2320 864 2351 ut
891 2315 1067 2352 decedens
1087 2315 1275 2353 Considius
1302 2314 1480 2365 provincia

140 2378 337 2415 satisfacere
364 2378 572 2415 hominibus
598 2391 669 2415 non
697 2382 821 2428 posset,
845 2377 874 2415 si
904 2390 1127 2429 quemquam
1155 2377 1263 2414 alium
1292 2377 1479 2427 provinciae
