1596 2643
552 154 690 181 ORATIO
719 155 743 179 1.
772 154 813 178 m
843 154 1061 180 CAnLINAM.
1457 144 1480 185 ’1

131 259 242 297 modo
259 259 368 296 tacita
385 258 561 309 loquitur:
589 258 772 295 “Nullum
795 258 872 308 jam
900 258 1035 308 aliquot
1062 258 1163 295 annis
1189 258 1325 296 facinus
1351 261 1481 298 exstitit

130 323 195 359 nisi
213 335 277 372 per
295 326 351 368 te;
384 322 523 358 nullum
549 321 725 372 flagitium
752 321 826 358 sine
854 326 912 368 te,
944 321 1010 358 tibi
1037 321 1099 358 uni
1126 321 1321 358 multorum
1350 322 1480 359 civium

130 397 244 431 neces,
264 385 328 422 tibi
356 385 494 422 vexatio
522 384 743 434 direptioque
771 384 948 421 sociorum
968 383 1166 434 8impunita
1184 384 1251 420 fuit
1278 397 1321 421 ae
1347 384 1480 430 lib'era3

129 453 170 485 tu
188 461 260 486 non
278 448 395 486 solum
414 449 461 485 ad
480 447 714 498 negligendas
732 447 829 497 leges
849 451 886 484 et
905 448 1129 497 quaestiones,
1148 460 1273 484 verum
1296 448 1405 484 etiam
1434 448 1481 485 ad

130 511 336 548 evertendas
363 510 701 561 perfringendasque
721 509 868 547 valuisti.
924 510 1149 559 ¹⁰Superiora
1166 509 1236 557 illa,
1256 522 1481 561 quamquam

129 574 274 610 ferenda
292 586 364 613 non
383 574 535 619 fuerunt,
554 577 687 619 tamen,
707 577 748 609 ut
766 572 875 622 potui,
895 572 981 609 tuli:
1012 573 1144 609 111111110
1170 585 1252 609 vero
1279 586 1339 609 me
1366 577 1481 610 totam

129 649 204 673 esse
236 636 274 672 in
306 641 406 672 metu
438 640 581 686 propter
610 649 724 672 unum
756 640 802 682 te,
831 635 1007 685 quidquid
1039 635 1260 685 increpuerit,
1290 635 1481 672 Catilinam

128 698 254 745 timeri,
272 698 411 734 nullum
437 698 547 735 videri
575 703 698 735 contra
725 710 784 734 me
813 698 997 735 consilium
1024 697 1101 734 iniri
1129 711 1240 748 posse,
1261 699 1359 748 quod
1379 712 1400 735 a
1419 703 1481 736 tuo

127 761 256 798 scelere
276 761 476 807 abhorreat,
495 773 566 798 non
592 765 645 797 est
671 760 869 798 ferendum.
923 760 1171 804 Quamobrem
1200 761 1353 804 discede,
1372 766 1480 811 atque

127 823 225 861 hunc
243 823 332 860 mihi
355 824 522 861 timorem
541 823 659 874 eripe:
687 823 715 860 si
736 828 788 860 est
807 836 919 870 verUS,
938 836 984 860 ne
1004 823 1205 873 opprimar-3
1233 823 1286 860 sin
1304 823 1420 871 falsus,
1440 829 1481 861 ut

127 886 276 923 tandem
296 886 489 936 aliquando
507 887 634 923 timere
654 886 846 923 desinam.’⁷

207 949 308 986 VHI.
365 953 423 985 19.
451 949 546 986 Haec
577 949 607 985 si
639 953 771 995 tecum,
803 952 844 985 ut
876 947 958 995 dixi,
990 948 1105 998 patria
1136 948 1310 998 loquatur,
1341 949 1479 986 ¹n0nne

127 1011 317 1061 impetrare
337 1011 480 1058 debeat,
501 1012 611 1048 etiam
629 1011 656 1048 si
677 1012 750 1048 vim
769 1011 941 1048 adhibere
961 1024 1033 1048 non
1053 1011 1185 1061 possit?
1233 1011 1361 1059 ²Quid,
1382 1013 1479 1062 quod

127 1079 166 1111 tu
185 1079 221 1112 te
240 1075 316 1125 ipse
334 1075 371 1111 111
391 1075 589 1112 custodiam
609 1075 761 1112 dedisti?
790 1075 887 1124 quod
908 1074 1062 1112 xitandae
1082 1074 1286 1124 suspicionis
1307 1088 1412 1112 causa
1432 1076 1477 1113 ad

127 1136 187 1175 Μ’.
206 1137 384 1188 Lepidum
402 1142 438 1174 te
457 1137 620 1175 habitare
641 1137 728 1174 velle
750 1137 890 1174 dixisti?
940 1137 977 1174 A
996 1150 1068 1187 quo
1087 1150 1158 1174 non
1177 1142 1350 1188 receptus,
1371 1139 1479 1175 etiam

127 1201 176 1238 ad
193 1214 253 1238 me
273 1200 390 1238 venire
411 1213 516 1237 ausus
536 1214 583 1246 es,
593 1206 710 1251 atque,
730 1205 771 1237 ut
790 1200 888 1237 domi
916 1213 1007 1237 meze
1036 1205 1072 1237 te
1092 1213 1317 1247 asservarem,
1337 1202 1479 1252 rogasti.

127 1264 251 1308 Quum
281 1277 304 1300 a
331 1276 392 1301 me
423 1277 567 1314 quoque
596 1264 635 1301 id
665 1264 821 1314 responsi
850 1263 996 1310 tulisses,
1027 1276 1086 1300 me
1114 1263 1211 1301 nullo
1239 1265 1351 1302 modo
1377 1278 1478 1315 posse

128 1326 277 1364 'iisdem
303 1327 497 1377 parietibus
523 1331 601 1364 tuto
628 1339 703 1364 esse
731 1331 862 1373 tecum,
882 1326 944 1376 qui
968 1326 1158 1376 magnoin
1178 1326 1334 1376 periculo
1353 1340 1478 1376 essem,

127 1390 225 1440 quod
251 1389 379 1427 iisdem
405 1390 585 1427 moenibus
612 1389 883 1435 contineremur,
912 1389 959 1426 ad
987 1389 1054 1433 ‘'Q.
1073 1389 1260 1426 Metellum
1288 1395 1478 1440 praetorem

127 1451 261 1489 venisti.
313 1452 351 1488 A
374 1464 447 1501 quo
473 1451 689 1501 repudiatus,
718 1452 766 1489 ad
793 1452 953 1489 sodalem
980 1456 1095 1498 tuum,
1125 1451 1262 1488 r’virum
1290 1453 1478 1502 optimum,

127 1514 176 1552 M.
195 1514 405 1551 Marcellum
425 1514 652 1564 denngrasti;
681 1527 791 1564 quem
811 1520 849 1551 tu
869 1514 1034 1551 videlicet
1062 1519 1098 1551 et
1125 1515 1173 1552 ad
1202 1516 1478 1553 custodiendum

126 1582 162 1614 te
182 1577 500 1627 diligentissimum,
522 1582 558 1614 et
585 1578 632 1614 ad
660 1577 914 1627 suspicandum
940 1577 1220 1627 sagacissimum,
1241 1583 1277 1616 et
1300 1580 1347 1616 ad
1368 1580 1479 1617 vindi-

127 1640 284 1679 candum
315 1640 543 1678 fortissimum
575 1641 648 1678 fore
682 1641 822 1690 putasti.
890 1641 963 1678 Sed
996 1654 1107 1691 quam
1145 1641 1251 1692 longe
1287 1643 1424 1680 videtur
1456 1657 1478 1680 a

126 1716 264 1741 earcere
293 1708 400 1754 atque
429 1717 451 1740 a
478 1704 624 1741 vinculis
652 1705 775 1741 abesse
804 1705 946 1751 debere,
967 1705 1027 1754 qui
1049 1705 1108 1742 ⁶se
1127 1705 1201 1755 ipse
1224 1706 1301 1756 jam
1325 1706 1478 1757 dignum

127 1767 287 1805 custodia
308 1767 500 1818 judicarit?
557 1771 616 1804 20.
645 1767 736 1811 Quae
765 1781 878 1817 quum
906 1768 956 1804 ita
983 1767 1060 1814 sint,
1084 1768 1246 1815 Catilina,
1272 1770 1425 1817 dubitas,
1449 1771 1476 1807 si

125 1830 236 1868 emori
266 1843 371 1881 aequo
402 1830 522 1867 animo
551 1843 623 1867 non
652 1835 762 1880 potes,
794 1831 891 1868 abire
920 1830 957 1867 in
988 1831 1123 1881 aliquas
1151 1835 1271 1878 terras,
1302 1837 1339 1869 et
1367 1833 1477 1870 witam

124 1893 240 1940 istam,
258 1893 379 1930 multis
398 1893 575 1943 suppliciis
590 1893 691 1943 justis
711 1893 912 1944 debitisque
927 1898 1096 1943 ereptam,
1110 1894 1205 1944 fugae
1225 1894 1477 1946 solitudinique

125 1956 322 1994 mandare?

205 2019 247 2038 ⁷“
258 2017 375 2065 Refer,
393 2019 520 2069 inquis,
540 2019 587 2056 ad
606 2023 770 2056 senatum
784 2019 813 2056 :'’
841 2019 879 2056 id
899 2019 994 2055 enim
1013 2019 1180 2069 postulas,
1200 2024 1244 2065 et,
1264 2020 1290 2055 si
1311 2019 1369 2056 hic
1388 2021 1477 2058 ordo

126 2081 191 2119 sibi
217 2081 356 2131 placere
384 2081 579 2119 decreverit
605 2087 641 2119 te
661 2082 710 2119 ire
729 2082 765 2118 in
786 2082 956 2128 exsilium,
976 2083 1306 2132 obtemperaturum
1336 2087 1372 2120 te
1401 2095 1475 2120 esse

126 2144 221 2181 dicis
283 2143 390 2181 ‘'Non
421 2144 582 2191 reseram,
614 2145 653 2182 id
685 2145 783 2195 quod
818 2145 984 2182 abhorret
1016 2158 1038 2182 a
1070 2146 1158 2182 mcis
1190 2145 1373 2182 moribus-z
1411 2147 1475 2183 sed

126 2211 248 2244 tamen
266 2206 406 2253 faciam,
424 2212 465 2244 ut
491 2208 675 2258 intelligas,
696 2209 784 2258 quid
812 2208 849 2245 hi
878 2209 923 2245 de
951 2213 987 2245 te
1012 2209 1175 2245 sentiant.
1228 2208 1407 2258 Egredere
1431 2221 1474 2246 ex

125 2271 224 2316 urbe,
250 2269 423 2307 Catilina:
457 2270 567 2309 libera
595 2285 670 2309 rem
699 2272 882 2322 publicam
910 2277 1031 2308 metu:
1064 2272 1099 2307 in
1128 2271 1298 2318 exsilium,
1325 2272 1353 2309 si
1381 2271 1474 2311 hane

125 2346 250 2371 vocem
269 2337 461 2383 exspectas,
480 2335 708 2384 proficiscere.
755 2335 874 2379 ”Quid
894 2340 956 2380 est,
977 2334 1152 2371 Catilina?
1203 2334 1341 2386 Ecquid
1361 2341 1474 2374 atten-

125 2395 190 2443 dis,
222 2395 351 2446 ecquid
388 2395 639 2434 animadvertis
675 2397 806 2435 horum
842 2397 1046 2434 silentium?
1111 2396 1311 2446 Patiuntur,
1344 2403 1473 2436 tacent.
