1596 2643
142 123 190 156 50
483 131 620 156 ORATIO
650 131 721 156 PRO
750 131 785 155 A.
813 131 958 155 LICINIO
987 130 1142 156 ARCHIA.

141 233 313 282 quoniam
334 246 394 270 nie
412 233 450 269 in
467 233 536 269 1100
555 246 648 270 novo
666 233 789 283 generi
809 233 951 269 (licendi
972 238 1049 269 tam
1069 232 1258 282 diligenter
1277 230 1483 282 attenditis),

83 338 90 344 ·
141 295 280 345 quoties
299 308 366 345 ego
384 295 483 331 hunc
502 295 583 341 vidi,
604 295 615 312 ⁴
627 308 739 344 quum
758 295 900 331 literam
919 295 1113 345 scripsisset
1141 295 1286 339 nullam,
1305 307 1482 344 magnum

141 370 340 394 numerum
359 358 580 407 optimorum
596 370 765 394 versuum
786 358 831 394 de
849 358 889 393 iis
907 358 988 407 ipsis
1006 358 1122 402 nebus,
1135 370 1218 407 quae
1237 362 1315 393 tun]
1338 369 1485 406 ageren-

142 424 210 466 tur,
232 420 349 456 dicere
372 433 416 456 ex
439 420 621 468 tempore!
655 420 815 469 ‘’quoties
842 425 1048 456 revocatum
1075 420 1229 456 eandem
1257 433 1332 456 rem
1355 420 1484 465 dicere,

143 483 373 520 commutatis
391 483 506 519 verbis
525 488 633 532 atque
651 482 849 519 sententiis!
899 483 911 500 ⁶
923 483 1015 525 Quae
1032 496 1114 519 vero
1133 487 1299 519 accurate
1318 483 1486 532 cogitate-

143 559 213 596 que
228 545 427 595 scripsisset,
440 558 483 582 ea
495 545 545 582 sic
558 545 629 582 vidi
645 545 798 595 probari,
813 549 854 581 111
868 545 915 582 ad
929 550 1094 581 veterum
1109 545 1323 594 scriptorum
1337 545 1485 581 laudem

142 608 374 657 pervenirent.
428 607 562 644 7Η11110
589 621 657 657 ego
684 620 756 644 non
783 607 956 656 diligam?
988 620 1062 644 non
1085 607 1266 644 admirer?
1298 619 1370 644 non
1388 607 1486 644 omni

143 671 277 707 ratione
307 671 577 708 defendendum
607 671 760 720 putem?
815 659 954 720 ⁸Atqu²e
980 670 1029 706 sic
1057 683 1078 706 a
1104 670 1256 706 summis
1282 669 1487 707 hominibus

143 733 460 783 eruditissimisque
479 733 692 783 accepimus,
711 738 913 769 ceterarum
933 746 1056 769 rerum
1075 733 1193 770 studia
1212 738 1249 770 et
1267 733 1436 779 doctrina,
1452 737 1487 769 et

143 796 337 846 praeceptiS,
361 801 398 832 et
425 801 500 833 arte
528 801 696 842 constare,
716 796 883 846 9poetam
903 800 1033 832 nat-ura
1059 796 1135 846 ipsa
1153 796 1281 841 valere,
1301 801 1338 832 et
1356 796 1487 834 mentis

143 859 275 895 viribus
295 859 448 904 excitari,
468 864 503 895 et
523 859 623 908 quasi
643 859 763 895 divino
783 859 942 908 quodam
961 858 1082 908 spiritu
1102 859 1226 895 inflari.
1280 858 1403 901 Quare
1422 871 1488 894 suo

139 922 220 971 jure
242 922 267 938 ¹⁰
279 926 397 957 noster
411 921 467 958 1110
483 922 618 957 Ennius
631 927 771 958 sanctos
790 921 945 970 appellat
958 926 1090 970 poetaS,
1106 921 1204 970 quod
1219 921 1320 970 quasi
1334 921 1487 972 deorum

147 985 171 1001 ¹¹
183 984 303 1033 aliquo
332 984 427 1020 dono
455 988 562 1034 atque
595 997 747 1020 munere
777 983 1024 1020 commendati
1055 983 1158 1020 nobis
1186 996 1262 1020 esse
1291 983 1488 1020 xideantur.

148 1050 206 1083 19.
234 1047 288 1083 Sit
306 1047 426 1097 igitur,
441 1047 767 1096 ιᾗ11(11005,5ειι10111111
788 1046 887 1096 apud
902 1059 971 1092 vos,
989 1046 1014 1063 ¹²
1024 1045 1302 1082 humanissimos
1316 1045 1488 1092 homines,

144 1108 213 1146 hoc
232 1114 346 1158 poetae
366 1122 509 1155 nomen,
529 1109 628 1159 quod
647 1109 746 1145 nulla
765 1121 928 1158 unquam
948 1108 1118 1146 barbaria
1135 1108 1287 1145 xiolavit.
1341 1108 1436 1144 Saxa
1454 1113 1489 1144 et

145 1171 353 1209 solitudines
372 1172 448 1209 voci
467 1172 703 1222 respondent;
728 1172 853 1209 bestiae
872 1184 968 1221 saepe
982 1171 1160 1208 immanes
1176 1175 1283 1208 cantu
1298 1171 1489 1207 flectuntur

149 1239 257 1284 atque
280 1235 494 1272 consistunt:
523 1248 586 1271 nos
611 1235 761 1271 instituti
789 1235 899 1271 rebus
925 1234 1069 1284 optimis
1096 1247 1167 1270 non
1193 1239 1384 1284 poetarum
1403 1246 1489 1270 voce

150 1297 422 1335 ¹³moveamur.2
478 1298 722 1334 “Homerum
744 1297 953 1347 Colophonii
983 1297 1102 1334 civem
1130 1309 1203 1333 esse
1224 1296 1350 1333 dicunt
1368 1299 1488 1342 suum',

149 1359 229 1396 Chii
247 1373 357 1396 suum
376 1360 568 1405 vindicant,
588 1359 773 1395 Salaminii
793 1364 969 1409 repetunt,
990 1358 1170 1408 Smyrnaei
1185 1371 1269 1395 vero
1285 1371 1395 1394 suum
1415 1371 1489 1395 esse

147 1421 383 1467 confirmant;
411 1422 532 1472 itaque
552 1422 662 1458 etiam
689 1421 883 1459 delubrum
903 1421 979 1471 ejus
1003 1421 1039 1457 in
1058 1421 1190 1470 oppido
1209 1420 1489 1457 dedicaverunt:

146 1484 319 1534 permulti
338 1484 395 1520 alii
414 1489 588 1534 praeterea
607 1488 771 1534 pugnant
788 1484 880 1520 inter
898 1496 935 1520 50
955 1488 1066 1533 atque
1086 1482 1319 1520 contendunt.

226 1546 293 1583 IX.
346 1546 442 1595 Ergo
467 1546 516 1582 illi
543 1546 734 1593 ¹alienum,
754 1546 839 1596 quia
865 1550 971 1595 poeta
996 1545 1072 1591 fuit,
1090 1549 1171 1595 post
1196 1549 1354 1582 mortem
1381 1545 1490 1582 etiam

148 1615 345 1659 expetunt:
373 1623 436 1646 nos
455 1609 551 1646 hunc
570 1609 703 1655 vivum,
723 1609 785 1659 qui
806 1613 841 1645 et
859 1608 1042 1645 voluntate
1061 1613 1099 1645 et
1116 1608 1259 1657 legibus
1284 1612 1402 1645 noster
1428 1611 1490 1654 est,

148 1672 447 1722 repudiabimus?
474 1672 671 1721 praesertim
691 1684 808 1721 quum
828 1684 936 1708 omne
955 1671 1040 1707 olim
1068 1670 1231 1707 studium
1255 1674 1363 1719 atque
1382 1683 1490 1707 omne

148 1734 337 1784 ingenium
359 1734 547 1771 contulerit
565 1734 716 1770 Archias
744 1734 792 1770 ad
819 1733 941 1783 populi
968 1732 1122 1769 Romani
1149 1732 1299 1782 glotiam
1329 1732 1492 1769 laudem-

149 1809 221 1846 que
245 1796 511 1833 celebrandam.
565 1795 663 1831 Nam
690 1795 966 1831 2010111111110115
995 1808 1050 1831 res
1078 1793 1282 1831 adolescens
1308 1794 1435 1844 attigit,
1456 1799 1492 1831 et

149 1858 213 1908 ipsi
231 1858 279 1894 illi
295 1858 334 1894 C.
349 1857 474 1903 Mario,
489 1857 552 1907 qui
568 1857 692 1894 durior
710 1857 757 1894 ad
776 1857 856 1893 haec
869 1856 992 1893 studia
1005 1857 1206 1902 videbatur,
1221 1856 1402 1905 jucundus
1415 1856 1491 1893 fuit.

153 1925 211 1958 20.
238 1920 367 1970 Neque
388 1920 483 1956 enim
501 1920 692 1970 quisquam
713 1924 767 1956 est
784 1924 861 1956 tam
881 1932 1023 1956 aversus
1038 1932 1057 1955 a
1069 1918 1192 1965 Musis,
1206 1918 1217 1935 ³
1229 1919 1289 1968 qui
1306 1932 1376 1956 non
1391 1932 1492 1955 man-

151 1984 228 2022 dari
246 1984 404 2020 versibus
423 1988 601 2020 aeternum
620 1996 769 2020 5110111111
788 1982 953 2019 laborum
972 1982 1072 2018 facile
1088 1981 1307 2031 praeconium
1327 1982 1491 2031 patiatur.

150 2046 427 2084 Themistoclem
446 2046 560 2092 illum,
578 2059 768 2082 summum
784 2045 935 2082 Athenis
953 2045 1082 2091 virum,
1097 2044 1226 2082 dixisse
1246 2044 1356 2091 aiunt,
1374 2057 1490 2094 quum

151 2123 195 2147 ex
215 2123 258 2147 eo
276 2113 507 2159 quaereretur,
526 2109 567 2128 ⁴“
580 2109 680 2158 quod
707 2120 885 2154 acroama,
905 2111 968 2143 aut
996 2107 1097 2157 cujus
1116 2120 1240 2144 vocem
1263 2107 1492 2144 libentissime

151 2172 313 2209 audiret:
343 2172 418 2221 ejus
436 2185 458 2208 a
476 2185 550 2221 quo
567 2184 634 2208 sua
651 2171 764 2207 virtus
785 2170 921 2220 optime
948 2169 1234 2219 praedicaretu1·.”
1286 2169 1416 2219 Itaque
1433 2168 1491 2206 ille

151 2233 288 2272 Marius
313 2235 400 2271 item
421 2234 575 2272 ⁵eximie
593 2234 632 2270 L.
651 2233 813 2270 Plotium
833 2232 966 2278 dilexit,
985 2232 1086 2282 cujus
1104 2232 1251 2282 ingenio
1267 2232 1422 2282 putabat
1439 2243 1492 2278 ea,

152 2310 235 2347 quae
262 2302 426 2347 gesserat,
445 2310 546 2347 posse
572 2297 755 2334 celebrari.
811 2300 870 2332 21.
898 2294 1208 2333 “Mithridaticum
1234 2307 1318 2332 vero
1343 2293 1492 2340 bellum,

152 2373 331 2410 magnum
351 2364 461 2411 atque
480 2360 631 2407 difficile,
649 2364 686 2398 et
702 2360 737 2396 in
757 2358 875 2396 multa
894 2358 1063 2396 varietate
1081 2362 1177 2396 terra
1194 2357 1360 2408 marique
1377 2369 1492 2395 vel-sa-
