1571 2651
148 127 196 161 90
534 136 672 162 ORATIO
699 136 774 161 Pno
800 136 898 160 LEGE
925 134 1100 161 MAerA.

144 239 247 286 retis3
278 243 434 289 aguntur
457 240 554 276 bona
578 239 771 275 multorum
791 239 933 280 (11111111,
953 239 1083 288 quibus
1103 243 1156 276 est
1175 251 1196 274 a
1215 238 1324 286 vobiS,
1343 242 1380 276 et
1395 239 1487 290 ipso-

147 315 226 339 rum
246 308 283 338 et
300 302 349 338 rei
368 302 520 351 publicae
541 314 655 347 causa,
677 301 945 338 consulendum.

225 365 288 401 ΙΠ.
344 365 376 401 7.
404 364 449 400 Et
469 364 638 413 quoniam
658 377 799 413 semper
818 368 1051 413 appententes
1069 364 1189 413 gloriae
1208 369 1337 414 praeter
1356 369 1488 401 ceteras

146 432 270 476 gentes
301 432 408 476 atque
435 426 529 462 axidi
555 425 671 462 laudis
699 426 818 471 fuistis,
847 426 1002 462 delenda
1026 426 1124 462 vobis
1151 431 1203 462 est
1231 426 1311 462 'illa
1337 426 1488 472 macula,

146 489 387 524 Mithridatico
414 488 508 524 bello
534 488 710 537 superiore
731 493 923 537 concepta:
956 500 1039 537 quae
1062 487 1224 537 ²penitus
1249 489 1325 538 jam
1352 489 1488 535 insedit,

147 564 188 587 ac
209 551 312 587 nimis
337 541 546 587 inveterabit
571 551 609 587 in
635 550 755 600 populi
775 550 928 587 Romani
947 551 1113 587 nomine:
1141 551 1238 601 quod
1256 552 1295 596 is,
1315 552 1376 600 qui
1397 551 1490 588 ³uno

149 615 216 658 die,
232 619 306 650 tota
322 613 417 659 Asia,
431 618 484 650 tot
501 613 538 649 in
558 614 768 659 civitatibus,
782 626 856 650 uno
869 614 1003 660 nuntio,
1018 619 1126 663 atque
1145 627 1217 650 una
1235 614 1489 664 significatione

147 676 339 721 literarum,
359 676 451 713 cives
476 675 657 714 Romanos
683 677 863 714 necandos
889 676 1192 726 trucidandosque
1211 677 1399 722 denotaw‘t,
1417 689 1490 714 non

145 740 255 776 modo
275 739 393 776 adhuc
417 741 564 789 poenam
591 739 727 776 nullam
753 753 818 776 suo
837 740 985 789 dignam
1012 740 1143 777 scelere
1169 740 1332 790 suscepit,
1351 740 1416 777 sed
1442 740 1490 777 ab

146 802 206 838 illo
224 808 386 852 tempore
401 815 536 839 annum
550 803 626 853 jam
645 803 789 839 tertium
805 807 841 840 et
854 803 1062 840 vicesimum
1080 809 1217 853 regnat,
1232 809 1268 840 et
1287 804 1335 840 ita
1353 811 1489 854 regnat,

146 870 187 900 ut
213 877 250 901 se
278 878 349 902 non
374 865 501 910 Ponto,
528 877 645 915 neque
666 865 903 915 Cappadociae
931 866 1074 902 latebris
1101 866 1281 902 occultare
1306 866 1399 912 velit,
1426 866 1491 903 sed

147 927 159 944 ⁴
172 941 355 977 emergere
376 941 394 965 e
415 928 528 977 patrio
546 941 666 978 regno,
686 934 796 978 atque
822 929 860 964 in
883 929 1006 965 vestris
1024 929 1266 978 vectigalibus,
1285 929 1354 966 hoc
1374 934 1435 974 est,
1454 929 1490 965 in

146 991 243 1027 Asiae
265 991 342 1027 luce
364 991 502 1027 versari.
558 995 591 1027 8.
618 991 761 1028 Etenim
788 991 909 1028 adhue
932 991 983 1027 ita
1001 991 1108 1028 nostri
1127 1004 1210 1028 cum
1229 991 1288 1028 illo
1305 1004 1391 1041 rege
1411 1004 1492 1028 con-

146 1053 337 1090 tenderunt
363 1054 604 1103 imperatores,
623 1059 666 1090 ut
692 1054 740 1091 ab
766 1054 825 1091 illo
848 1054 1018 1104 ⁵insig11ia
1037 1054 1200 1099 victoriae,
1218 1067 1290 1091 non
1309 1054 1490 1091 victoriam

147 1121 376 1166 reportarent.
442 1116 688 1166 Triumphaxit
719 1116 758 1153 L.
791 1116 898 1163 Sulla,
929 1116 1160 1166 triumphavit
1191 1116 1230 1153 L.
1262 1116 1411 1153 Murena
1443 1117 1490 1153 de

146 1178 363 1221 Mithridate,
384 1179 456 1216 duo
473 1179 650 1216 fortissimi
670 1179 741 1225 viri,
761 1184 797 1216 et
814 1179 945 1215 summi
965 1179 1204 1229 imperatores,
1218 1179 1281 1216 sed
1301 1179 1351 1216 ita
1369 1179 1491 1215 trium-

147 1241 312 1292 pharunt,
331 1247 372 1278 ut
399 1241 456 1278 ille
483 1242 606 1292 pulsus
632 1247 889 1292 superatusque
915 1247 1090 1291 regnaret.
1142 1241 1403 1279 Verumtamen
1426 1242 1490 1278 illis

146 1304 418 1354 imperatoribus
449 1304 526 1340 laus
559 1309 611 1341 est
642 1305 844 1351 tribuenda,
872 1304 992 1354 “quod
1022 1309 1192 1354 egerunt3
1225 1305 1327 1341 venia
1359 1305 1490 1351 danda,

148 1367 249 1417 quod
276 1362 515 1417 reliquerunt3
547 1372 734 1417 propterea
754 1367 853 1417 quod
873 1367 920 1404 ab
941 1380 984 1404 eo
1002 1367 1095 1404 bello
1122 1367 1259 1404 Sullam
1284 1368 1323 1404 111
1349 1368 1490 1404 Italiam

147 1443 203 1466 res
222 1429 376 1479 publica,
395 1429 585 1466 Murenam
605 1429 702 1466 Sulla
720 1430 907 1467 revocavit.

226 1493 291 1529 IV.
345 1497 379 1529 9.
407 1492 632 1530 Mithridates
659 1498 783 1530 autem
812 1493 939 1530 ¹omne
967 1493 1143 1543 reliquum
1169 1497 1322 1543 tempus,
1344 1506 1416 1531 non
1443 1493 1491 1530 ad
1538 1523 1543 1526 .

147 1556 362 1594 oblixionem
382 1557 507 1593 veteris
526 1556 618 1602 belli,
637 1556 702 1593 sed
721 1556 770 1593 ad
789 1556 1092 1606 comparationem·
1109 1556 1189 1593 noxi
1208 1556 1371 1593 contulit:
1397 1556 1490 1607 2qui,

147 1624 384 1670 posteaquam
411 1619 585 1656 maumas
613 1619 819 1656 aedificasset
842 1623 1069 1669 ornassetque
1093 1619 1230 1665 claffies,
1250 1620 1490 1670 exercitusque

147 1695 372 1732 permagnos,
392 1683 665 1732 quibuscunque
685 1695 730 1719 ex
749 1683 916 1732 gentibus
934 1682 1112 1732 potuisset,
1131 1688 1378 1732 comparaffiet,
1398 1688 1434 1720 et
1451 1696 1489 1720 se

147 1744 369 1794 Bosporanis,
388 1745 546 1781 finitimis
563 1745 644 1790 suis,
662 1745 797 1781 bellum
821 1744 948 1780 inferre
965 1744 1156 1790 simularet,
1176 1757 1288 1794 usque.
1307 1745 1342 1781 in
1362 1745 1491 1795 Hispa-

146 1806 245 1843 niam
263 1807 400 1857 legatos
418 1820 461 1844 ac
478 1807 595 1843 literas
613 1807 709 1843 misit
728 1807 776 1843 ad
795 1819 854 1843 eos
873 1806 992 1852 duces,
1013 1806 1225 1856 quibuscum
1249 1812 1328 1843 tum
1353 1808 1490 1845 bellum

147 1869 373 1920 gerebamus,
392 1875 442 1916 ut,
461 1883 574 1920 quum
599 1870 741 1907 duobus
766 1869 804 1905 in
832 1869 938 1906 ”loeis
957 1869 1236 1919 disjunctissimis
1262 1871 1490 1921 maximeque

149 1932 302 1979 diversis,
321 1945 396 1970 uno
414 1932 555 1970 consilio
573 1944 595 1968 a
612 1925 704 1968 binis
729 1931 885 1986 hostium
913 1931 1021 1982 copiis
1048 1932 1185 1969 bellum
1213 1937 1304 1969 terra
1328 1934 1491 1984 marique

147 2001 341 2046 gereretur,
360 2008 422 2032 vos
446 1994 589 2044 ancipiti
613 1995 836 2032 contentione
856 1994 1012 2040 djstrieti,
1033 1994 1079 2031 de
1098 1994 1247 2044 imperio
1266 1995 1490 2033 dimicaretis.

152 2062 211 2095 10.
239 2058 313 2095 Sed
331 2063 453 2095 tamen
472 2057 484 2074 ⁴
496 2057 637 2094 alterius
655 2057 763 2107 partis
782 2056 989 2107 periculum,
1009 2057 1220 2094 Sertorianae
1238 2063 1348 2108 atque
1362 2058 1491 2108 Hispa-

148 2121 287 2159 niensis,
308 2133 389 2170 quae
409 2120 523 2156 multo
541 2119 620 2170 plus
638 2119 853 2156 firmamenti
873 2132 915 2156 ao
933 2119 1066 2156 roboris
1084 2119 1255 2166 habebat,
1304 2120 1369 2157 Cn.
1383 2120 1490 2157 Pom-

148 2184 218 2233 peii
248 2184 367 2220 dixino
396 2183 538 2220 consilio
567 2195 610 2219 ac
637 2182 808 2232 singulari
837 2182 965 2218 virtute
995 2182 1187 2232 depulsum
1214 2187 1287 2229 est3
1318 2183 1356 2219 in
1381 2183 1490 2220 altera

149 2253 248 2296 parte
269 2247 318 2283 ita
336 2259 390 2283 res
409 2260 431 2282 a
450 2246 489 2283 L.
508 2246 664 2292 Lucullo,
683 2258 826 2282 summo
844 2245 929 2291 viro,
950 2250 1003 2282 est
1027 2245 1282 2291 administrata,
1302 2245 1366 2282 ‘’ut.
1389 2245 1489 2282 initia

149 2310 207 2346 illa
226 2323 343 2346 rerum
362 2316 546 2359 gestarum
569 2321 703 2359 magna
727 2314 833 2359 atque
853 2308 1030 2358 praeclara,
1049 2321 1122 2346 non
1147 2308 1303 2345 felicitati
1321 2308 1405 2358 ejus,
1423 2309 1489 2346 sed

150 2372 289 2417 virtum
322 2372 402 2409 haec
428 2378 552 2409 autem
578 2377 748 2419 extrema,
774 2383 857 2421 quae
885 2384 999 2421 nuper
1024 2371 1237 2418 aeciderunt,
1263 2384 1335 2408 non
1365 2371 1489 2422 culpae,
