1571 2651
490 156 626 181 onA¹r10
655 156 728 181 pao
757 156 853 181 LEGE
882 155 1055 181 MANILIA.
1394 149 1443 182 93

101 260 188 297 mihi
208 273 277 311 ego
316 260 539 297 ¹extremum
567 272 830 310 proposueram,
851 272 967 310 quum
994 272 1107 296 essem
1126 259 1172 296 de
1201 259 1284 296 belli
1314 273 1445 309 genere

100 323 270 369 dicturus,
290 323 388 373 quod
420 323 467 359 ad
495 323 691 359 multorum
721 323 816 359 bona
837 322 966 359 cixium
999 322 1243 359 Romanorum
1273 322 1445 371 pertinet,

101 387 277 435 ²quorum
310 385 408 423 vobis
438 399 501 435 pro
523 390 637 422 vestra
665 385 846 435 sapientia,
874 385 1039 430 Quirites
1072 385 1242 422 habenda
1274 390 1325 421 est
1358 384 1446 421 ratio

100 449 294 498 diligenter.
348 448 446 485 Nam
467 454 503 485 et
521 449 710 499 publicani,
733 448 896 485 homines
923 448 1157 485 honestissimi
1176 454 1285 498 atque
1305 449 1444 485 ornatisr

99 511 187 558 simi,
206 524 288 548 suas
307 512 458 548 rationes
479 516 514 548 et
533 511 649 561 copias
667 511 703 547 in
722 510 819 547 illam
838 510 1056 561 provinciam
1084 511 1330 557 contulerunt3
1360 524 1443 560 quo-

100 587 181 610 rum
200 574 358 624 ipsorum
377 587 441 624 per
458 587 495 611 se
509 587 564 610 res
579 578 615 610 et
632 573 782 610 fortunae
797 574 895 610 vobis
911 586 1002 610 curae
1019 586 1092 610 esse
1108 573 1250 610 debent.
1303 573 1445 610 Etenim

99 637 125 673 si
148 637 331 687 vectigalia
351 637 496 674 ³nervos
515 650 588 674 esse
607 637 655 673 rei
680 637 833 687 publicae
863 649 1006 686 semper
1034 636 1209 683 duximus,
1241 649 1326 674 eum
1355 643 1445 674 certe

99 699 272 745 ordinem,
294 699 356 750 qui
375 704 516 736 exercet
540 699 608 745 illa,
627 700 895 736 firmamentum
925 703 1124 735 ceterorum
1155 699 1322 736 ordinum
1354 704 1447 736 recte

100 775 174 799 esse
208 763 379 800 dicemus.
437 766 495 799 18.
531 762 695 799 'Deinde
729 775 771 798 ex
804 763 927 799 ceteris
959 762 1142 799 ordinibus
1173 762 1334 799 homines
1367 763 1447 799 navi

100 830 208 875 atquc
228 826 387 863 industrii
407 826 537 876 partim
557 825 622 876 ipsi
641 825 677 862 in
695 825 783 862 Asia
809 826 1047 875 negotiantur,
1067 826 1198 875 quibus
1218 840 1277 863 vos
1296 827 1448 864 absenti-

102 889 170 925 bus
191 888 372 926 consulere
391 889 538 933 debetis,
557 889 686 939 partim
706 891 832 925 eorum'
849 889 886 925 in
905 901 948 925 ea
967 889 1144 939 provincia
1162 890 1329 939 pecunias
1348 903 1448 939 mag·-

100 963 163 987 nas
194 951 380 988 collocatas
411 952 557 989 habent.
612 950 681 988 Est
709 951 816 1001 igitur
843 951 1075 988 humanitatis
1104 957 1239 997 vestrm,
1269 965 1447 1002 magnum

100 1026 292 1051 numerum
318 1027 442 1052 eorum
474 1014 602 1051 civium
633 1014 834 1051 calamitate
864 1014 1068 1064 prohibere3
1096 1014 1286 1065 sapientiae,
1318 1016 1447 1063 videre,

100 1077 298 1114 multorum
330 1078 461 1114 civium
492 1078 735 1115 calamitatem
765 1091 786 1114 a
804 1091 841 1115 re
871 1078 1017 1128 publica
1045 1078 1241 1128 sejunctam
1274 1092 1348 1116 esse
1377 1093 1448 1116 non

100 1152 212 1189 posse.
266 1139 409 1176 Etenim
429 1140 587 1189 primum
611 1140 722 1176 ⁵illud
741 1139 839 1190 parvi
854 1139 967 1186 refert,
981 1152 1054 1186 nos,
1070 1140 1289 1190 ⁶publicanis
1304 1141 1447 1183 amissis,

101 1201 287 1252 vectigalia
300 1207 424 1252 postea
438 1203 581 1239 victoria
596 1215 804 1252 recuperare
819 1215 827 1239 ε
856 1216 972 1252 neque
988 1203 1084 1239 enim
1098 1203 1226 1240 iisdem
1246 1204 1448 1241 redimendi

99 1264 246 1302 facultas
267 1266 331 1302 erit
349 1271 492 1316 propter
511 1265 761 1312 calamitatem,
780 1279 898 1316 neque
919 1266 993 1303 aliis
1007 1267 1178 1313 voluntas,
1193 1272 1334 1317 propter
1347 1268 1449 1305 timo-

100 1341 187 1365 rem.
244 1332 301 1365 19.
331 1329 505 1375 ⁷Deinde,
525 1329 623 1379 quod
643 1342 705 1366 nos
725 1329 853 1366 eadem
869 1329 964 1376 Asia,
985 1334 1094 1380 atque
1113 1330 1211 1367 idem
1230 1330 1294 1367 iste
1314 1330 1449 1367 Mithri—

101 1391 203 1428 dates
221 1391 320 1428 initio
339 1391 422 1428 belli
443 1391 593 1428 Asiatici
613 1392 743 1438 docuit,
764 1397 858 1429 certe
878 1393 915 1429 id
935 1387 1086 1442 quidem
1115 1394 1317 1432 calamitate
1345 1395 1448 1441 docti,

101 1454 278 1491 memoria
296 1454 445 1491 retinere
465 1455 661 1491 debemus:
690 1468 775 1492 nam
794 1460 884 1502 tum,
904 1469 1020 1506 quum
1052 1456 1088 1492 in
1109 1456 1195 1493 Asia
1213 1470 1268 1494 res
1297 1470 1449 1507 magnas

101 1517 270 1568 permulti
291 1517 492 1564 amiserant,
512 1518 655 1564 scimus„
676 1518 826 1555 ‘’Romae
846 1518 1019 1556 solutione
1032 1520 1215 1569 impedita,
1239 1521 1349 1558 fidem
1370 1535 1450 1558 con-

101 1580 238 1617 cidisse.
292 1579 328 1616 N
330 1593 376 1617 on
397 1580 493 1617 enim
514 1585 662 1630 possunt
682 1593 755 1617 una
773 1581 809 1617 in
830 1581 969 1618 civitate
989 1582 1091 1618 multi
1112 1596 1187 1619 rem
1214 1588 1325 1633 atque
1344 1584 1450 1621 fortu-

101 1655 165 1679 nas
185 1643 358 1689 amittere,
380 1647 421 1679 ut
440 1656 510 1680 non
531 1643 647 1693 plures
666 1656 788 1680 secum
808 1644 843 1680 in
865 1644 1017 1682 eandem
1037 1645 1181 1682 trahant
1200 1646 1450 1684 calamitatem.

100 1705 137 1742 A
156 1718 228 1756 quo
247 1705 405 1756 peliculo
424 1705 610 1755 prohibete
638 1719 714 1743 rem
740 1707 934 1756 publicam,
950 1713 986 1744 et
1012 1707 1100 1744 mihi
1121 1709 1262 1755 credite,
1278 1709 1336 1746 ⁹id
1352 1711 1451 1759 quod

100 1769 165 1819 ipsi
185 1769 332 1806 vidctis:
360 1768 441 1806 hacc
473 1768 564 1806 fides
583 1774 693 1819 atque
713 1769 794 1806 hacc
813 1770 901 1807 ratio
920 1771 1164 1820 pecuniarum,
1195 1785 1278 1822 quae
1312 1772 1450 1820 Romm,

102 1844 185 1882 quac
205 1831 241 1868 in
260 1831 335 1868 foro
365 1835 533 1878 versatur,
552 1831 724 1882 implicita
754 1837 807 1869 est
837 1846 920 1870 cum
951 1833 1016 1869 illis
1046 1834 1204 1884 pecuniis
1233 1835 1397 1873 Asiaticis
1416 1841 1452 1873 et

103 1895 279 1941 cohaeret3
307 1907 409 1932 ruere
432 1895 527 1932 ¹⁰illa
556 1908 627 1932 non
657 1900 813 1946 possunt,
833 1900 874 1932 ut
905 1896 983 1933 haec
1014 1910 1085 1934 non
1118 1898 1247 1935 eodem
1278 1898 1452 1936 labefacta

102 1963 204 1996 motu
225 1958 424 1996 concidant.
477 1958 599 2002 Quare
619 1959 746 2007 videte,
769 1960 791 1976 ¹¹
805 1973 893 1996 num
914 1961 1159 1998 dubitandum
1175 1962 1273 1999 vobis
1287 1962 1339 2008 sit,
1354 1963 1451 1998 omni

102 2021 224 2059 studio
243 2021 290 2058 ad
308 2021 346 2058 id
365 2022 500 2059 bellum
524 2023 739 2070 incumbere,
758 2023 795 2059 in
816 2037 890 2074 quo
926 2023 1038 2074 gloria
1057 2025 1208 2062 nominis
1228 2025 1338 2071 vestii,
1358 2025 1452 2061 salus

103 2084 288 2130 sociorum,
309 2084 495 2135 vectigalia
515 2086 684 2133 maxima,
711 2086 861 2124 fortunae
891 2087 1128 2137 plnn'morum
1156 2087 1286 2125 civium
1311 2101 1394 2125 cum
1416 2101 1453 2125 re

103 2147 250 2198 publica
269 2147 518 2185 defenduntur.

184 2209 285 2246 VIII.
343 2213 402 2246 20.
431 2209 612 2254 Quoniam
632 2211 678 2249 de
705 2225 837 2262 genere
857 2212 941 2250 belli
963 2213 1065 2259 ¹dixi,
1086 2226 1182 2249 nunc
1201 2213 1247 2249 de
1276 2213 1454 2263 magnitu-

105 2273 188 2310 dine
220 2285 337 2323 pauca
369 2272 499 2310 dicam.
551 2273 676 2311 Potest
707 2275 776 2312 hoc
806 2275 901 2312 enim
921 2275 1012 2312 dici:
1041 2275 1122 2312 belli
1153 2288 1270 2324 genus
1300 2289 1374 2313 esse
1404 2276 1453 2313 ita

105 2336 352 2383 necessarium,
371 2340 412 2372 ut
430 2336 474 2372 sit
491 2337 713 2387 gerendum3
741 2351 813 2376 non
833 2352 907 2376 esse
934 2339 984 2375 ita
1003 2351 1190 2388 magnum,
1210 2343 1250 2375 ut
1278 2339 1322 2376 sit
1351 2340 1454 2389 perti—

105 2399 352 2438 mescendum.
406 2398 471 2436 'In
490 2412 563 2450 quo
581 2401 739 2438 maxime
769 2401 1007 2439 laborandum
1039 2405 1101 2448 est,
1121 2414 1166 2438 ne.
1195 2401 1282 2440 forte
1304 2415 1326 2438 a
1345 2402 1453 2448 vobis,
