1596 2643
121 132 170 165 40
524 143 661 169 onA'no
689 144 738 168 1v.
766 144 808 168 m
837 144 1053 170 CATILINAM.

119 255 204 278 cura
223 248 332 292 atque
351 244 545 294 diligentia,
563 250 644 281 tum
662 245 780 282 multo
798 246 906 282 etiam
934 246 1068 296 majore
1085 246 1207 296 populi
1227 245 1382 283 Romani
1408 245 1456 283 ad

118 317 309 342 summum
337 307 529 356 imperium
557 308 796 354 retinendum,
824 313 860 345 et
886 309 934 345 ad
962 322 1173 346 communes
1200 309 1358 346 fortunas
1375 322 1456 347 oon-

118 368 318 414 scrvandas‚
337 368 528 406 voluntate.
581 369 719 406 Omnes
743 370 877 407 adsunt
895 371 1060 407 omnium
1088 372 1255 408 ordinum
1282 371 1455 417 homines,

118 430 283 465 omnium
299 431 454 480 denique
468 436 638 478 aetatum3
664 432 813 482 plenum
832 438 886 469 est
902 433 1029 479 forum,
1043 433 1149 483 plena
1166 434 1300 484 templa
1321 435 1454 471 circum

118 491 245 538 forum,
263 493 357 542 pleni
376 506 502 530 omnes
520 494 640 531 aditus
666 495 774 544 hujus
801 496 927 545 templi
946 502 982 532 et
999 496 1075 532 loci.
1129 496 1141 513 ³
1152 496 1271 533 Causa
1288 502 1341 533 est
1358 497 1454 533 enim

119 559 196 602 post
226 555 353 591 urbem
383 556 562 592 conditam
594 556 673 593 haec
701 557 846 593 inventa
874 557 957 603 sola,
975 557 1012 593 in
1039 571 1113 607 qua
1138 571 1261 595 omnes
1287 559 1456 594 sentirent

119 627 234 652 unuin
272 623 381 667 atque
416 618 525 664 idem,
556 624 686 669 praeter
721 632 790 666 eos,
826 619 899 669 qui,
937 632 1053 670 quum
1089 621 1156 657 sibi
1184 621 1346 657 xiderent
1381 633 1455 656 esse

118 680 356 727 pereundum,
390 693 476 717 cum
511 682 682 718 omnibus
717 682 845 731 potius,
875 695 987 732 quam
1023 682 1086 719 soli
1117 682 1227 732 perire
1258 682 1455 720 voluerunt.

121 744 178 777 15.
207 741 325 779 Hosce
348 756 417 793 ego
442 743 607 780 homines
627 744 764 793 excipio
783 749 819 780 et
837 757 980 781 secerno
997 745 1169 791 libenter3
1197 758 1316 795 neque
1335 745 1371 781 in
1388 745 1456 781 im-

118 803 311 852 proborum
332 805 476 851 civium,
494 806 559 842 sed
575 806 612 842 in
631 806 942 843 acerbissimorum
960 807 1119 843 hostium
1147 820 1296 844 numero
1321 807 1456 844 haben-

118 865 181 902 dos
199 865 297 915 puto.
345 867 462 905 Ceteri
482 881 574 915 vero,
589 869 637 905 dii
655 868 894 906 immortales!
922 882 996 919 qua
1013 869 1221 919 frequentia,
1236 882 1308 919 qno
1326 870 1455 914 studio,

117 941 188 978 qua
219 929 343 966 virtute
371 931 420 967 ad
447 943 682 968 communem
709 931 864 968 salutem
892 931 1179 982 dignitatemque
1207 932 1455 969 consentiunt?

117 991 216 1034 Quid
249 1006 317 1042 ego
347 993 406 1030 hic
438 994 575 1044 equites
607 994 790 1031 Romanos
825 996 1137 1031 commemorem?
1176 995 1239 1045 qui
1275 995 1372 1031 vobis
1407 995 1456 1031 ita

117 1054 325 1092 ⁴sunnnam
353 1057 483 1093 ordinis
510 1057 715 1108 consiliique
743 1058 954 1103 concedunt⁷
979 1063 1021 1094 ut
1047 1058 1232 1094 vobiscum
1261 1058 1306 1094 de
1334 1070 1455 1095 amore

117 1118 165 1154 rei
197 1118 350 1167 publicae
383 1124 541 1166 certentt,
581 1133 680 1170 qnos,
713 1120 779 1158 ⁵ex
811 1120 1011 1157 multorum
1037 1133 1212 1157 annorum
1241 1121 1454 1157 dissensione

116 1179 224 1231 hujus
253 1182 383 1218 ordinis
412 1182 460 1219 ad
488 1183 695 1220 societatem
725 1183 1024 1233 concordiamque
1054 1188 1245 1229 revocatos,
1263 1183 1455 1220 hodiernus

67 1279 73 1284 ,
117 1244 194 1280 dies
219 1244 402 1281 vobiscum
431 1250 541 1295 atque
568 1245 647 1282 haee
673 1258 781 1282 causa
808 1246 1012 1296 conjungit3
1042 1245 1176 1296 ⁶quain
1195 1246 1224 1281 si
1243 1245 1456 1295 conjunctio-

116 1320 201 1343 nem
233 1307 270 1343 in
302 1307 489 1344 consulatu
526 1308 773 1345 confirmatam
809 1321 901 1350 meo,
933 1314 1145 1358 perpetuam
1173 1309 1211 1344 in
1241 1321 1278 1344 re
1310 1308 1454 1358 publica

116 1371 346 1418 tenuerimus,
372 1371 544 1408 confirmo
569 1372 680 1418 vobis,
699 1371 840 1408 nullum
859 1372 1006 1422 posthac
1030 1371 1171 1408 malum
1198 1371 1300 1408 civile
1329 1384 1371 1408 30
1395 1371 1455 1408 (10-

117 1434 308 1470 niestieum
341 1434 388 1471 ad
420 1434 531 1470 ullam
562 1435 612 1471 rei
644 1434 798 1484 publieae
832 1440 972 1484 partem
1005 1447 1082 1471 esse
1112 1439 1318 1470 venturum.
1370 1433 1455 1470 Pari

116 1498 234 1534 studio
254 1497 488 1534 defendendae
507 1497 556 1534 rei
575 1497 729 1547 publicae
749 1497 1078 1555 convenisszxffdeo
1097 1497 1280 1534 ⁷tribunos
1307 1497 1455 1544 aerariOS,

116 1560 318 1597 fortissimos
345 1560 458 1606 xiros3
492 1560 645 1597 ⁸scribas
670 1560 758 1596 item
786 1560 988 1606 universos3
1025 1572 1115 1610 quos
1141 1572 1259 1609 quum
1287 1572 1371 1595 casu
1398 1559 1456 1596 hic

118 1623 192 1660 dies
224 1623 272 1660 ad
304 1623 469 1659 aerarium
497 1623 765 1673 frequentasset,
784 1623 888 1659 xideo
916 1623 963 1659 ab
990 1622 1249 1672 exspectatione
1277 1614 1376 1658 soffis
1407 1622 1455 1658 ad

117 1686 270 1722 salutem
291 1698 524 1722 communem
544 1698 618 1722 esse
633 1698 827 1722 conversos.
876 1689 932 1721 16.
959 1685 1086 1721 Omnis
1098 1684 1338 1733 ingenuorum
1354 1684 1456 1721 adest

117 1748 324 1793 multitudo,
353 1748 461 1784 etiam
490 1747 792 1784 tenuissimorum.
854 1746 945 1790 Quis
973 1751 1026 1783 est
1053 1746 1160 1791 enim,
1189 1746 1248 1782 cui
1275 1759 1348 1783 non
1375 1746 1454 1783 haec

117 1810 263 1860 templa,
283 1811 472 1860 adspectus
491 1810 598 1856 urbis,
617 1810 786 1859 possessio
803 1808 983 1855 libertatis,
1003 1808 1065 1844 lux
1092 1808 1248 1858 denique
1273 1808 1351 1846 haec
1368 1809 1454 1859 ipsa,

117 1879 154 1911 et
171 1873 239 1910 1100
259 1885 453 1910 commune
482 1872 603 1922 patriae
633 1872 761 1918 solum,
782 1884 898 1922 quum
922 1871 968 1907 sit
991 1883 1127 1917 carum,
1145 1875 1227 1907 tum
1245 1884 1329 1908 vero
1348 1872 1453 1910 dulce

117 1941 227 1987 atque
242 1935 473 1985 jucundum?

195 1999 296 2035 VIII.
349 1998 477 2048 Operae
513 1997 669 2048 pretinm
706 2001 767 2043 est,
798 1997 922 2034 Patres
958 1996 1152 2046 conscripti,
1187 1996 1451 2033 ¹libertinorum

115 2063 307 2100 hominum
341 2061 462 2099 studia
493 2049 726 2111 cognoscerem
767 2061 840 2110 qni,
875 2073 942 2096 sua
968 2059 1097 2096 virtute
1132 2059 1312 2096 fortunam
1346 2059 1454 2110 hujus

118 2126 266 2162 enitatis
293 2124 481 2170 consecuti,
501 2137 583 2161 vere
610 2123 704 2160 113110
729 2136 835 2160 suam
862 2122 1016 2173 patriam
1043 2135 1118 2159 effle
1141 2122 1316 2171 judicant,
1341 2135 1452 2172 quam

118 2188 129 2205 ²
143 2189 293 2238 qnidam
321 2187 381 2224 hic
408 2186 493 2233 nati,
512 2191 549 2224 et
575 2199 721 2223 summo
749 2186 825 2222 nati
851 2186 939 2232 1000,
957 2198 1029 2222 11011
1061 2185 1214 2235 patriam
1245 2197 1360 2231 suam,
1388 2184 1454 2221 sed

116 2252 245 2288 urben]
274 2250 433 2287 hostium
460 2262 535 2286 esse
557 2249 818 2300 judicaverunt.
871 2248 945 2285 Sed
963 2248 1054 2298 quid
1070 2261 1139 2298 ego
1157 2247 1306 2298 hujusce
1324 2246 1453 2284 ordinis

116 2313 279 2350 homines
307 2320 561 2359 commemoro,
582 2324 672 2362 quos
698 2311 845 2362 plivatae
872 2310 1033 2356 fortunae,
1055 2323 1146 2360 quos
1173 2308 1372 2347 communis
1397 2320 1453 2345 res

116 2376 270 2427 publica,
289 2388 380 2426 quos
397 2375 556 2426 denique
573 2374 725 2416 libertas
745 2386 798 2421 ea,
817 2385 900 2424 quae
919 2372 1124 2410 dulcissima
1145 2377 1208 2419 est,
1226 2371 1276 2409 ad
1297 2370 1452 2409 salutem
