1571 2651
449 97 586 122 onAno
614 96 688 121 pao
716 97 746 121 T.
775 95 897 121 Amuo
927 96 1082 122 MILONE.
1362 89 1436 123 125

95 201 227 240 Milone
246 201 348 252 prodi
375 200 561 237 flaminem
587 212 729 236 11606556
755 212 840 236 6556.
894 199 967 236 Sed
987 203 1089 235 erant
1107 199 1274 248 permulti
1296 199 1364 244 alii,
1393 213 1437 236 ex

96 265 228 314 quibus
246 265 284 302 id
301 263 466 300 facillime
485 262 574 299 scire
594 266 732 312 posset3
760 275 886 299 omnes
905 261 1038 298 scilicet
1051 261 1237 298 Lanuvini.
1291 262 1377 299 Milo
1393 263 1437 299 de

96 326 211 364 Clodii
250 327 368 363 reditu
406 326 503 362 unde
535 325 722 375 quaesivit?
778 324 789 341 Β
803 324 994 368 Quaesierit
1025 337 1120 361 sane.
1174 324 1318 371 Videte,
1350 326 1439 375 quid

95 389 194 426 vobis
223 388 364 438 largiar.
418 389 430 405 ⁹
443 388 595 425 Servum
624 387 746 433 etiam,
765 391 807 423 ut
826 387 868 430 Q.
890 387 1024 433 Arrius,
1044 399 1146 423 1116115
1174 387 1319 432 amicus,
1340 384 1439 433 dixit',

95 451 301 501 corruperit.
367 451 393 468 ¹⁰
403 450 531 501 Legite
568 450 773 487 testimonia
809 449 956 486 testium
995 454 1204 486 vestrorum.
1267 449 1370 486 Dixit
1400 449 1440 486 C.

96 514 274 550 Cassinius
304 513 443 560 Schola,
477 513 762 559 Interamnanus,
794 512 1088 549 familiarissimus
1122 516 1159 549 et
1190 512 1289 549 idem
1321 525 1440 549 comes

96 576 220 622 Clodii,
235 576 335 626 cujus
350 575 569 626 jampridem
588 575 793 612 testimonio
805 575 951 612 Clodius
972 575 1101 611 eadem
1116 574 1203 611 hora
1223 575 1440 611 Interamnae

95 638 211 675 fuerat
238 644 275 675 ct
302 639 440 685 Romae,
460 639 502 675 P.
522 638 692 675 Clodium
712 639 771 675 illo
791 638 849 675 die
870 638 907 674 in
926 637 1071 674 Albano
1089 650 1302 674 mansurum
1323 638 1439 683 fuisse,

94 701 159 738 sed
177 701 298 738 subito
317 714 392 738 6556
421 702 454 738 61
473 701 691 747 nuntiatum,
713 701 849 750 Cyrum
878 701 1115 737 architectum
1136 713 1210 737 esse
1230 706 1415 738 mortuum
1431 713 1439 748 ;

94 763 216 814 itaque
243 769 389 813 repente
409 764 565 801 Romam
597 764 815 800 constituisse
845 763 1028 814 proficisci.
1080 763 1184 800 Dixit
1211 763 1289 810 1100,
1319 777 1440 800 0011165

92 825 181 863 item
201 826 244 863 P.
264 827 389 873 Clodii,
411 826 451 863 C.
471 826 626 864 Clodius.

171 889 312 927 XVIII.
368 890 428 927 47.
455 890 599 936 Videte,
623 889 774 940 judices,
796 889 964 940 ¹quantae
985 902 1041 926 res
1067 889 1123 925 1115
1141 889 1352 926 testimoniis
1370 889 1441 926 sint

93 952 273 990 confectae.
327 953 492 990 Primum
509 958 604 990 certe
624 953 821 989 2liberatur
835 953 931 999 Milo,
943 965 1015 990 non
1034 965 1078 989 eo
1097 952 1241 989 consilio
1260 952 1440 1002 profectus

93 1028 178 1063 esse,
194 1021 235 1052 ut
247 1016 475 1053 insidiaretur
493 1016 530 1052 in
548 1016 606 1053 via
621 1016 748 1053 Clodio
763 1029 771 1064 3
801 1016 934 1067 quippe
950 1028 958 1063 3
986 1016 1014 1052 si
1032 1016 1090 1053 ille
1109 1015 1237 1053 obvius
1252 1016 1284 1052 ei
1298 1016 1440 1052 futurus

92 1078 237 1116 omnino
256 1091 328 1116 non
347 1083 433 1116 erat.
487 1079 629 1116 Deinde
646 1077 731 1129 (non
748 1079 843 1115 enim
864 1079 979 1125 video,
992 1091 1054 1115 cur
1066 1091 1138 1115 non
1153 1091 1278 1115 meum
1292 1092 1438 1129 quoque

85 1139 202 1191 ⁴agam
231 1140 437 1192 negotium)
470 1142 575 1189 scitis,
599 1142 748 1192 judices,
767 1142 884 1189 fuisse,
905 1142 967 1192 qui
989 1142 1047 1178 ³in
1067 1142 1137 1178 hac
1155 1142 1340 1192 rogatione
1361 1155 1438 1179 sua-

91 1205 213 1242 denda
241 1205 411 1252 dicerent,
432 1206 572 1243 Milonis
601 1218 713 1242 manu
744 1206 883 1242 caedem
914 1219 989 1242 esse
1020 1206 1163 1252 factam,
1183 1205 1327 1243 consilio
1357 1219 1440 1244 vero

91 1267 234 1318 majoris
249 1268 407 1320 alicujus.
460 1269 521 1306 Me
536 1268 702 1306 videlicet
715 1269 890 1306 latronem
903 1282 945 1306 ac
956 1259 1128 1306 sicarium‘
1135 1269 1262 1319 abjecti
1276 1269 1439 1306 homines

91 1334 128 1367 et
154 1331 285 1381 perditi
318 1331 577 1369 describebant.
631 1330 786 1368 ⁴Jacent
815 1331 887 1367 suis
919 1331 1070 1368 testibus
1098 1331 1144 1378 hi,
1173 1331 1236 1382 qui
1270 1332 1437 1369 Clodium

90 1397 228 1443 negant
255 1407 299 1431 eo
326 1394 385 1431 die
415 1394 582 1441 Romam,
609 1394 675 1430 nisi
705 1395 750 1431 de
771 1394 869 1444 Cyro
898 1395 1065 1440 audisset,
1084 1394 1190 1432 fuisse
1223 1395 1438 1433 rediturum.

92 1456 299 1506 Respiravi3
327 1457 497 1494 liberatus
523 1469 631 1504 sum,
659 1470 730 1494 non
750 1471 883 1504 vereor,
903 1471 959 1504 ne,
981 1459 1081 1508 quod
1108 1471 1153 1495 ne
1173 1458 1341 1508 suspicari
1361 1459 1439 1510 qui-

92 1519 178 1556 dem
205 1520 396 1570 potuerim,
417 1520 541 1558 videar
559 1520 598 1557 id
618 1521 801 1570 cogitasse.
856 1525 916 1558 48.
946 1521 1078 1558 ‘'Nunc
1097 1534 1290 1571 persequar
1310 1527 1437 1560 cetera.

93 1581 215 1618 “Nam
235 1583 389 1620 occurrit
417 1583 530 1620 illud:
560 1583 675 1632 Igitur
694 1596 739 1620 ne
760 1583 906 1620 Clodius
935 1584 1084 1634 quidem
1115 1585 1160 1621 de
1191 1584 1324 1622 insidiis
1344 1585 1438 1635 cogi-

90 1646 189 1693 tavit,
210 1646 383 1697 quoniam
414 1647 479 1683 fuit
507 1647 544 1683 in
564 1647 708 1684 Albano
726 1660 924 1684 mansurus.
979 1647 1015 1684 Si
1039 1647 1189 1698 quidem
1209 1648 1370 1685 exiturus
1390 1650 1437 1686 ad

91 1708 232 1746 caedem
264 1721 284 1746 e
313 1709 395 1746 villa
422 1722 493 1746 non
522 1709 676 1746 fuisset..
708 1709 827 1746 Video
855 1710 962 1755 enim,
989 1710 1100 1757 illum,
1129 1711 1191 1760 qui
1220 1711 1360 1748 dicatur
1390 1713 1436 1749 de

91 1771 176 1821 Cyri
194 1776 311 1809 morte
330 1772 519 1819 nuntiasse,
534 1785 606 1811 11011
624 1772 664 1809 1(1
678 1772 865 1819 nuntiasse,
879 1773 942 1810 sed
957 1773 1127 1810 Milonem
1144 1774 1437 1825 appropinquare.

90 1833 189 1872 Nam
209 1834 299 1885 quid
327 1835 372 1872 de
393 1835 488 1885 Cyro
515 1835 703 1882 nuntiaret,
719 1849 835 1886 -quem
857 1836 1012 1883 Clodius,
1041 1836 1159 1874 Roma
1178 1837 1434 1887 ⁷proficiscenS,

89 1898 280 1948 reliquerat
307 1898 550 1936 morientem?
604 1899 690 1936 Una
717 1899 790 1946 fui3
829 1903 1087 1937 testamentum
1113 1900 1219 1937 simul
1247 1901 1435 1951 obsignavi

89 1974 175 1998 cum
195 1960 344 2008 Clodio;
371 1966 496 1998 testarr
504 1966 630 1999 entum
651 1967 774 1999 autem
792 1962 913 2012 palam
932 1963 1072 2010 fecerat,
1085 1967 1120 2000 et
1138 1963 1242 2000 illum
1261 1964 1434 2001 heredem

89 2027 127 2061 et
164 2035 224 2060 me
250 2023 444 2074 scripserat.
497 2024 617 2068 Quem
647 2025 762 2075 pridie
799 2026 888 2063 hora
923 2026 1028 2063 tertia
1065 2026 1225 2063 animam
1255 2026 1434 2063 efflantem

88 2085 296 2135 reliquisset,
334 2099 421 2123 eum
459 2093 645 2124 mortuum
686 2088 858 2138 postridie
898 2089 989 2126 hora
1025 2089 1167 2126 decima
1205 2089 1362 2139 denique
1401 2089 1433 2126 ei

86 2149 345 2187 nuntiabatur?

165 2211 273 2248 XIX.
327 2215 388 2249 49.
417 2212 530 2263 ¹Age,
562 2214 606 2250 sit
636 2214 687 2251 ita
718 2214 873 2263 facturn3
914 2228 997 2265 quae
1029 2228 1146 2261 causa,
1179 2228 1244 2252 cur
1277 2214 1433 2252 Romam

85 2275 320 2325 properaret?
348 2287 410 2312 cur
428 2275 466 2312 in
485 2280 629 2314 noctem
648 2290 686 2315 se
705 2278 921 2328 conjiceret?
976 2278 1074 2321 Quid
1095 2278 1266 2314 afferebat
1285 2291 1432 2315 causam

87 2336 341 2375 festinationis?
395 2337 502 2382 Quod
521 2338 624 2377 heres
643 2341 745 2378 erat?
799 2340 964 2378 Primum
984 2344 1059 2377 erat
1085 2340 1182 2387 nihil,
1203 2341 1215 2358 ²
1229 2353 1291 2377 cur
1309 2353 1434 2392 prope-
