1571 2651
472 137 608 163 ORATIO
637 137 710 161 Pno
737 136 767 161 T.
795 135 919 160 ANNIO
947 135 1102 159 MILONE.
1380 125 1452 158 111

115 241 307 279 defensioni
333 253 438 287 meae,
452 253 578 277 verum
599 239 708 276 etiam
729 238 910 275 silentium
929 237 1149 288 pollicentur.
1202 236 1359 287 Reliqua
1372 250 1456 274 vero

115 303 314 350 multitudo,
350 304 468 353 ¹⁰quae
503 302 652 352 quidem
687 305 739 338 est
771 300 914 347 civium,
945 304 1021 337 tota
1052 304 1171 336 nostra
1203 303 1264 345 est,
1299 299 1323 316 ¹¹
1337 311 1455 349 neque

115 379 238 404 eorum
268 366 468 417 quisquam,
490 378 578 416 quos
607 364 768 414 undique
798 364 987 410 intuentes,
1006 363 1103 399 unde
1134 362 1254 412 aliqua
1281 361 1348 398 fori
1375 374 1456 411 pais

114 429 247 479 adspici
276 433 401 479 potest,
428 433 464 466 et
495 428 601 478 hujus
631 427 769 464 exitum
797 426 922 476 judicii
944 429 1190 475 exspectantes
1220 424 1355 471 videtis,
1383 437 1456 460 non

115 505 227 542 quum
247 491 367 528 virtuti
386 491 526 528 Milonis
544 490 647 536 favet,
666 494 747 526 tum
768 489 813 526 de
832 502 880 535 sc,
900 489 945 525 de
964 488 1082 525 liberis
1101 488 1182 534 suis,
1203 488 1248 524 de
1268 487 1389 537 patria,
1410 487 1456 524 de

113 555 260 592 fortunis
279 555 450 592 hodierno
469 555 526 592 die
547 554 720 591 decertari
740 557 854 604 putat.

193 618 238 655 II.
289 618 411 655 Unum
431 631 545 668 genus
557 622 609 654 est
629 618 819 654 adversum
839 616 1082 665 infestumque
1095 614 1198 651 nobis
1217 626 1354 660 eorum,
1367 626 1457 663 quos

115 681 157 718 P.
177 681 293 719 Clodii
317 681 415 718 furor
446 681 608 731 ¹1·apinis,
629 685 665 717 et
695 679 876 726 incendiis,
899 683 935 716 et
965 678 1134 716 omnibus
1166 677 1277 714 exitiis
1306 676 1457 726 'publicis

115 743 236 794 pavit3
265 743 327 793 qui
357 743 545 780 ²hesterna
575 742 683 779 etiam
714 741 880 778 concione
907 740 1042 777 incitati
1070 744 1163 785 sunt,
1194 744 1235 775 ut
1253 739 1352 776 vobis
1371 751 1457 775 voce

115 806 291 856 praeirent,
322 806 409 857 quid
437 805 652 856 judicaretis.
707 805 870 848 Quorum
901 804 1043 850 clamor,
1078 802 1127 839 ³si
1157 803 1217 853 qui
1235 802 1324 839 forte
1343 801 1457 847 fuerit,

116 869 310 906 admonere
329 881 390 906 vos
409 868 565 915 debebit,
586 872 628 904 ut
647 880 731 904 eum
751 867 864 904 civem
889 866 1077 913 retineatis,
1099 866 1162 916 qui
1185 878 1327 915 semper
1344 877 1458 915 genus

115 931 204 968 illud
228 930 427 977 hominum,
447 929 691 980 clamoresque
719 929 895 966 maximos
923 942 987 979 pro
1007 933 1123 966 vestra
1151 928 1264 964 salute
1292 926 1458 977 neglexit.

118 996 151 1030 4.
179 992 431 1037 Quamobrem
470 992 616 1029 ⁴adeste
654 991 790 1038 animis,
823 991 971 1041 judiceS,
1002 995 1038 1028 et
1069 990 1248 1036 timorem,
1285 989 1314 1026 si
1346 1002 1457 1039 quem

115 1056 265 1103 habetis,
285 1055 463 1106 deponite.
515 1055 624 1102 Nam,
643 1055 671 1091 si
691 1067 853 1104 unquam
884 1055 929 1092 de
959 1054 1060 1091 bonis
1089 1058 1124 1091 et
1152 1053 1300 1090 fortibus
1319 1053 1409 1099 viris,
1430 1052 1458 1089 si

116 1131 279 1169 unquam
300 1119 346 1156 de
375 1118 468 1155 bene
497 1117 632 1155 meritis
660 1117 794 1154 civibus
823 1121 976 1167 potestas
1007 1116 1103 1154 vobis
1131 1115 1317 1166 judicandi
1335 1115 1409 1162 fuit,
1429 1115 1458 1151 si

117 1181 271 1231 denique
290 1193 452 1231 unquam
470 1180 570 1218 locus
589 1180 888 1230 amplissimorum
909 1180 1075 1217 ordinum
1096 1179 1241 1216 delectis
1259 1178 1340 1215 viris
1355 1178 1459 1215 datus

116 1248 178 1292 est,
197 1249 239 1281 ut
257 1257 324 1280 sua
350 1244 468 1281 studia
496 1256 583 1293 erga
609 1243 714 1280 fortes
741 1247 778 1279 et
795 1243 907 1280 bonos
936 1243 1037 1288 cives,
1058 1255 1140 1292 quae
1169 1241 1270 1278 vultu
1289 1245 1326 1278 et
1344 1241 1459 1278 verbis

115 1319 211 1356 saepe
231 1306 496 1356 significassent,
516 1318 554 1342 re
578 1309 614 1342 et
639 1305 820 1342 sententiis
849 1304 1078 1351 declararent,
1097 1303 1166 1340 hoc
1193 1303 1352 1353 profecto
1371 1308 1459 1340 tem-

117 1382 201 1419 pore
221 1381 303 1406 eam
323 1372 535 1418 potestatem
555 1381 703 1404 omnem
723 1381 784 1405 vos
801 1367 951 1413 habetis,
973 1367 983 1384 ⁵
996 1371 1036 1403 ut
1054 1366 1223 1413 statuatis,
1246 1370 1365 1403 utrum
1385 1379 1458 1413 nos,

118 1431 180 1481 qui
198 1443 341 1480 semper
360 1434 483 1467 vestrae
512 1430 711 1467 auctoritati
740 1429 851 1467 dediti
878 1429 1020 1475 fuimus,
1039 1442 1181 1479 semper
1200 1428 1319 1465 miseri
1339 1428 1460 1478 lugea-

118 1506 211 1540 muS,
231 1506 286 1539 an,
307 1493 369 1530 diu
389 1492 504 1529 vexati
526 1506 548 1529 a
577 1492 823 1542 perditissimis
854 1493 996 1538 civibus,
1018 1492 1209 1542 aliquando
1236 1505 1300 1542 per
1318 1504 1388 1537 VOS,
1417 1504 1459 1528 ac

119 1569 183 1606 per
201 1560 358 1593 vestram
377 1555 499 1601 fidem,
519 1555 687 1592 virtutem
709 1555 992 1605 sapientiamque
1011 1568 1225 1592 recreemur.
1280 1559 1313 1592 5.
1342 1554 1460 1598 “Quid

119 1619 214 1656 enim
243 1619 344 1656 nobis
372 1619 522 1664 duobus,
555 1619 702 1669 judieeS,
731 1618 945 1665 laboriosius,
983 1618 1073 1668 quid
1110 1618 1224 1668 magis
1261 1617 1460 1664 sollicitum,

118 1680 235 1731 magis
267 1679 463 1718 exercitum
497 1680 565 1717 dici
599 1685 660 1717 aut
691 1680 780 1730 fingi
807 1685 933 1730 potest,
961 1680 1034 1730 qui,
1064 1693 1127 1730 spe
1160 1679 1460 1730 amplissimorum

117 1742 357 1793 praemiorum,
377 1743 424 1780 ad
442 1755 519 1779 rem
538 1742 722 1792 publicam
743 1743 898 1789 adducti,
916 1747 1018 1780 metu
1039 1734 1360 1780 crudelissimorum
1380 1755 1461 1792 sup-

118 1805 303 1856 pliciorum
324 1818 440 1842 carere
464 1818 536 1842 non
565 1806 778 1855 possumus?
832 1805 1013 1855 Equidem
1045 1809 1178 1842 ceteras
1209 1805 1460 1855 ⁷tempestates

119 1873 156 1905 et
184 1864 354 1918 procellas
374 1867 410 1904 in
439 1867 504 1904 illis
525 1868 716 1905 dumtaxat
742 1867 908 1904 fluctibus
936 1867 1148 1905 concionum
1174 1881 1316 1918 semper
1340 1867 1461 1918 putavi

118 1931 241 1968 Miloni
273 1943 347 1968 esse
379 1930 593 1977 subeundas,
621 1931 707 1981 quia
734 1944 878 1981 semper
907 1944 971 1981 pro
998 1930 1098 1968 bonis
1128 1935 1251 1968 contra
1281 1931 1462 1981 improbos

120 1997 299 2040 senserat3
329 1991 386 2029 ”in
410 1992 547 2042 judicio
576 2006 668 2039 vero,
697 1997 733 2030 et
758 1993 795 2029 in
825 2006 868 2030 eo
898 1993 1048 2040 consilio,
1081 1992 1119 2029 in
1151 2006 1222 2044 quo
1249 2006 1293 2030 ex
1327 1994 1462 2030 cunctis

121 2055 305 2092 ordinibus
338 2055 546 2105 amplissimi
577 2055 641 2092 viri
668 2056 883 2105 judicarent,
910 2069 1099 2106 nunquam
1134 2056 1328 2093 existimavi
1360 2069 1462 2105 spem

121 2116 232 2153 ullam
264 2129 338 2153 esse
358 2116 540 2154 habituros
559 2117 700 2155 Milonis
728 2117 888 2154 inimicos
908 2118 955 2154 ad
987 2117 1059 2168 ejus
1089 2130 1159 2154 non
1179 2117 1290 2153 modo
1308 2117 1461 2153 salntem

122 2178 433 2228 exstinguendam,
451 2178 515 2216 sed
544 2179 651 2215 etiam
672 2179 821 2229 gloriam
853 2193 917 2229 per
944 2179 1032 2216 tales
1063 2179 1156 2215 viros
1186 2178 1461 2227 infringendam.

124 2245 156 2279 6.
185 2241 442 2291 ”Quamquam
461 2241 498 2277 in
515 2241 584 2279 hac
604 2255 721 2288 causa,
736 2242 884 2292 judiees,
896 2243 934 2279 T.
949 2241 1056 2278 Annii
1078 2241 1269 2286 tribunatu,
1285 2241 1462 2291 rebusque

121 2304 288 2342 omnibus
318 2316 384 2353 pro
409 2303 520 2340 salute
550 2304 598 2341 rei
629 2305 780 2354 publicae
811 2305 928 2355 gestis,
948 2305 994 2341 ad
1024 2304 1131 2353 hujus
1159 2302 1314 2340 criminis
1345 2304 1462 2341 defen-

121 2367 257 2404 sionem
293 2367 395 2403 ‘³non
424 2366 624 2404 abuteniur.
679 2367 756 2403 Nisi
775 2367 884 2404 oculis
905 2366 1060 2403 vids—ritis
1090 2366 1271 2403 llinsidias
1290 2365 1411 2403 Miloni
1441 2380 1463 2404 a

438 2430 460 2461 6
