1571 2651
108 105 180 138 120
457 114 593 140 ORATIO
623 116 695 140 pao
723 116 752 140 Τ.
780 114 902 139 Arx-uro
932 115 1084 140 mrLONE.

183 221 242 254 32.
270 217 282 234 ²
293 217 460 261 Quonam
478 217 586 267 igitur
604 222 708 267 pacto
721 218 862 267 probari
881 223 1005 267 potest,
1018 217 1162 255 insidias
1175 217 1296 255 Miloni
1312 218 1435 255 fecisse

104 278 291 316 Clodium?
344 279 436 315 Satis
457 284 508 316 est
525 280 561 316 in
580 280 639 316 illa
654 280 800 329 quidem
820 285 895 316 tam
915 279 1052 325 audaci,
1068 285 1145 315 tam
1165 280 1298 316 nefaria
1317 280 1436 316 bellua

104 340 239 385 docere,
258 353 433 389 magnam
459 340 491 377 ei
519 353 673 386 causam,
693 354 866 390 magnam
893 354 994 390 spem
1013 341 1049 377 in
1067 341 1206 377 Milonis
1225 349 1338 377 morte
1361 354 1437 391 pro-

103 402 265 451 positam,
298 416 447 452 mag-nas
479 403 646 439 utilitates
675 404 788 440 fuisse..
841 404 967 453 Itaque
998 404 1105 440 ³illud
1134 403 1436 449 Cassiam1m‚cm

103 476 206 500 BONO
235 477 378 510 FUERIT,
396 465 433 500 in
460 464 514 500 his
542 465 698 513 personis
725 465 864 511 valeat,
893 466 956 501 etsi
975 466 1059 502 boni
1078 465 1176 502 nullo
1194 466 1437 502 emolumento

102 526 335 575 impelluntur
366 526 402 562 in
430 525 605 571 fraudem,
637 527 790 576 improbi
827 540 921 576 saepe
953 540 1074 576 parvo.
1127 527 1273 576 “Atqui,
1306 528 1436 565 Milone

103 587 293 633 interfecto,
307 588 452 624 Clodius
466 588 534 624 hoe
548 589 814 638 assequebatur,
829 601 900 625 non
918 589 1027 625 modo
1041 594 1081 625 ut
1099 594 1228 638 praetor
1242 595 1332 625 esset
1347 589 1437 626 ε’11011

103 663 146 687 eo
177 650 328 696 consule,
349 663 422 700 quo
441 651 580 687 sceleris
600 651 716 688 facere
746 651 833 687 nihil
863 656 988 700 posset,
1007 652 1071 688 sed
1101 652 1221 697 etiam,
1242 657 1282 688 ut
1299 652 1340 688 iis
1359 665 1437 688 con-

103 711 238 748 sulibus
257 717 387 761 praetor
415 718 514 759 esset,
535 712 665 762 quibus
691 713 719 749 si
738 725 809 749 non
837 713 1096 762 adjuvantibus,
1116 718 1153 750 at
1171 713 1438 750 conniventibus

104 779 208 817 certe,
238 779 405 823 speraret,
436 787 473 811 se
505 788 605 824 posse
634 775 776 812 eludere
803 775 840 811 iu
864 775 928 811 illis
955 776 1026 812 suis
1054 776 1213 825 cogitatis
1242 776 1438 822 furoribus,

105 836 226 886 ⁶cujus
244 837 289 872 illi
312 842 468 883 conatus,
489 842 531 873 ut
558 838 632 887 ipse
662 837 943 884 ratiocinabatur,
962 851 1029 875 nee
1053 843 1222 888 cuperent
1240 839 1438 888 repn’mere,

103 898 131 934 si
151 903 301 948 possent,
322 912 436 948 quum
456 904 599 935 tantum
619 899 836 936 beneficium
857 900 890 937 ei
909 913 947 937 se
967 901 1098 937 debere
1118 901 1379 946 arbitrarentur,
1394 906 1438 947 et,

103 961 132 997 si
151 961 289 1007 vellent,
303 962 447 999 fortasse
468 963 524 998 xix
544 967 686 1011 possent
704 963 867 1012 frangere
886 962 1038 999 hominis
1056 963 1308 1000 sceleratissimi
1329 977 1440 1000 corro-

103 1024 267 1061 boratam
290 1025 366 1074 jam
394 1029 567 1061 vetustate
596 1025 794 1062 audaciam.
849 1029 908 1062 33.
936 1026 995 1062 An
1014 1039 1106 1071 vero,
1131 1026 1279 1075 judices
1299 1039 1358 1062 vos
1377 1026 1439 1063 soli

103 1087 282 1135 ignoratis,
303 1100 362 1123 vos
383 1087 394 1104 ⁷
407 1086 563 1136 hospites
580 1087 617 1123 in
637 1087 706 1124 hac
725 1088 811 1124 urbe
832 1088 1046 1125 velsamini?
1074 1094 1197 1125 vestrae
1218 1089 1440 1138 peregrinan-

104 1154 161 1185 tur
180 1162 292 1195 aures,
312 1163 431 1199 neque
450 1150 486 1186 in
505 1150 573 1187 hoe
592 1156 788 1200 pervagato
802 1151 948 1187 civitatis
966 1164 1126 1188 sermone
1146 1156 1338 1197 versantur,
1351 1164 1439 1200 quas

103 1212 160 1249 ille
180 1212 278 1262 leges
309 1212 352 1263 (si
372 1213 467 1262 leges
495 1213 725 1250 nominandae
755 1218 846 1259 sunt,
866 1227 908 1250 ao
932 1227 1001 1250 non
1020 1214 1113 1250 faces
1132 1214 1237 1259 urbis,
1256 1220 1370 1263 pestes
1389 1215 1439 1250 rei

104 1273 273 1324 publicae)
297 1275 402 1311 fuerit
420 1275 648 1324 impositurus
666 1276 767 1312 nobis
794 1276 959 1312 omnibus
980 1281 1088 1325 atque
1116 1276 1319 1313 inusturus?
1372 1276 1441 1312 Ex-

104 1336 199 1381 hibe,
219 1350 350 1386 quaeso,
371 1337 475 1374 Sexte
496 1337 608 1383 Clodi,
628 1338 754 1374 exhibe
774 1338 961 1374 librarium
979 1338 1067 1375 illud
1095 1339 1215 1388 legum
1236 1344 1439 1385 vestrarum,

106 1400 205 1449 quod
223 1405 258 1436 te
278 1400 375 1436 aiunt
394 1400 560 1449 eripuisse
580 1414 599 1437 e
620 1401 737 1446 domo,
766 1406 802 1437 et
821 1414 865 1437 ex
884 1401 1012 1437 mediis
1031 1402 1144 1446 armis,
1164 1401 1341 1451 turbaque
1360 1415 1441 1438 noc-

106 1467 218 1508 turna,
257 1462 268 1479 ⁸
284 1467 470 1513 tamquam
502 1463 707 1500 Palladium
731 1463 904 1509 extulisse,
937 1464 1003 1500 ‘'ut
1031 1464 1244 1513 praeclarum
1277 1465 1441 1502 &delicet

107 1538 246 1571 munus,
266 1531 372 1575 atque
392 1525 670 1563 instrumentum
689 1526 889 1563 tribunatus
908 1527 955 1563 ad
975 1527 1144 1576 aliquem,
1159 1527 1186 1563 si
1201 1533 1324 1564 nactus
1338 1540 1439 1573 esseS,

106 1588 166 1638 qui
185 1593 248 1625 tuo
266 1588 410 1625 arbitrio
429 1588 647 1625 tribunatum
675 1594 827 1638 gereret,
847 1589 983 1626 deferre
1002 1602 1129 1639 posses.
1181 1591 1242 1626 An
1261 1590 1365 1639 hujus
1383 1590 1441 1627 ille

106 1650 203 1700 legis,
236 1663 349 1700 quam
376 1650 457 1687 Sex.
491 1650 637 1688 Clodius
666 1664 689 1687 a
718 1664 756 1688 se
793 1651 977 1688 inventam
1009 1651 1188 1701 gloriatur,
1219 1652 1439 1688 mentionem

105 1713 219 1750 facere
239 1726 344 1749 ausus
364 1718 463 1759 efflet,
481 1714 560 1751 vivo
578 1714 720 1760 Milone,
739 1727 785 1750 ne
805 1714 923 1751 dicam
949 1714 1089 1750 consule
1105 1715 1117 1751 ἓ
1172 1714 1263 1751 ¹⁰De
1283 1719 1439 1751 nostrum

106 1774 397 1812 omnium—non
427 1776 545 1812 audeo
575 1780 694 1812 totum
725 1775 855 1812 dicere.
907 1775 1049 1821 Videte,
1083 1775 1169 1825 quid
1204 1788 1246 1812 ea
1276 1777 1351 1812 vitii
1383 1777 1439 1813 lex

107 1836 273 1874 habitura
308 1837 424 1883 fuerit,
462 1837 562 1887 cujus
598 1837 795 1887 periculosa
831 1838 939 1874 etiam
974 1837 1201 1887 reprehensio
1237 1843 1298 1875 est.
1361 1839 1442 1876 ”Et

108 1899 272 1949 adspexit
290 1912 351 1936 me
370 1899 436 1935 illis
455 1900 605 1949 quidem
633 1899 752 1945 oculis,
772 1900 903 1949 quibus
929 1905 1010 1936 tum
1029 1900 1174 1946 solebat,
1196 1914 1311 1950 quum
1330 1902 1441 1938 omni-

108 1963 176 2000 bus
195 1962 318 1999 omnia
335 1962 549 1999 minabatur.
601 1962 723 1999 Movet
740 1975 802 1999 me
821 1962 953 2012 quippe
974 1963 1000 1980 ¹²
1010 1963 1134 1999 lumen
1153 1963 1270 2000 curiae.

185 2025 289 2062 XIH.
343 2025 353 2042 ¹
365 2024 487 2068 Quid?
527 2029 568 2061 tu
598 2037 659 2061 me
688 2025 754 2061 tibi
787 2025 932 2071 iratum,
970 2026 1085 2071 Sexte,
1117 2030 1231 2075 putas,
1263 2026 1364 2076 eujus
1399 2031 1440 2063 tu

107 2087 396 2124 inimicissimum
431 2087 550 2124 multo
586 2087 764 2124 crudelius
800 2087 909 2124 etiam
947 2088 1094 2137 punitus
1131 2101 1177 2135 es,
1216 2101 1327 2138 quam
1366 2093 1439 2125 erat

108 2149 341 2186 humanitatis
368 2163 462 2187 meae
490 2150 693 2200 postulare?
745 2151 800 2186 Tu
833 2150 874 2187 P.
907 2150 1023 2187 Clodii
1060 2156 1251 2188 cruentum
1288 2152 1441 2188 cadaver

110 2212 239 2261 ejecisti
259 2212 400 2258 ²d0mo,
420 2217 459 2248 tu
487 2213 524 2248 in
543 2212 731 2262 publicum
759 2212 923 2261 abjecisti,
942 2218 982 2248 tu
1003 2213 1189 2262 spoliatum
1212 2213 1440 2262 imaginibus,

109 2274 296 2324 exsequiiS,
334 2287 478 2324 pompa,
507 2275 721 2321 laudatione,
753 2275 996 2311 infelicissimis
1032 2275 1135 2325 lignis
1167 2276 1440 2322 semustilatum,

111 2336 289 2372 nocturnis
307 2336 456 2373 canibus
469 2336 717 2374 dilaniandum
731 2336 910 2386 reliquisti.
963 2337 1083 2381 Quare
1102 2337 1167 2375 etsi
1179 2337 1308 2374 nefarie
1321 2337 1441 2384 fecisti,
