1596 2643
525 117 663 142 onArro
693 117 742 142 1v.
770 117 811 141 IN
842 117 1059 142 CATILINAM.
1414 107 1462 141 43

1179 220 1201 235 ¹¹
1215 224 1338 265 vestro,
1357 219 1465 256 bono-

122 229 299 260 aeternum
329 213 466 258 bellum
497 225 705 270 susceptum
737 233 812 256 esse
838 219 954 283 vulfo.
1011 219 1055 256 Id
1083 232 1152 268 ego

122 297 278 334 rumque
312 283 476 320 omnium
510 282 651 329 aum'lio,
680 282 971 332 memoriamque
1004 287 1185 318 tantorum
1215 281 1464 331 periculoium,

114 352 204 398 (quae
238 360 307 384 non
339 347 451 383 modo
482 346 519 382 in
549 346 618 383 hoc
647 345 789 396 populo,
821 346 882 395 qui
913 350 1072 382 servatus
1103 350 1164 390 est,
1194 345 1259 381 sed
1289 344 1414 381 etiam-
1430 344 1466 380 in

120 398 286 448 omnium
307 410 474 460 gentium
495 409 720 446 sermonibus
741 422 782 446 ac
802 408 983 445 mentibus
1010 421 1152 458 semper
1175 407 1337 457 luci-ebit,
1357 420 1379 443 a
1406 420 1466 443 me

121 478 230 522 atque
251 485 272 508 a
290 472 381 509 meis
400 471 500 509 facile
519 471 715 521 propulsari
741 484 840 521 posse
862 470 1013 507 confido.
1068 470 1199 520 Neque
1221 469 1293 506 ulla
1312 458 1466 519 profecto

121 540 222 572 tanta
251 535 302 571 vis
334 534 539 584 reperietur,
570 535 688 584 ¹²q1ue
719 533 1005 583 conjunctionem
1040 538 1194 569 vestram
1226 532 1465 582 equitumque

122 597 383 642 Romanorum,
401 601 436 633 et
454 601 592 632 tantam
614 596 914 645 conspirationem
934 595 1112 632 bonorum
1133 595 1300 632 omnium
1320 593 1467 631 confrin-

122 672 209 709 gere
229 664 266 696 ct
284 659 496 696 labefactare
516 659 633 708 possit.

201 722 268 759 XI.
324 725 382 758 23.
411 721 503 765 Quae
525 734 642 772 quum
662 721 714 757 ita
732 721 811 766 sint,
833 720 957 757 Patres
977 720 1175 770 conscripti,
1199 721 1282 770 ¹pr0
1306 718 1466 769 imperio,

123 798 187 835 pro
209 784 379 831 exercitii,
403 797 468 834 pro
496 784 686 834 proxincia,
712 796 824 834 quam
853 783 1007 833 neglexi,
1034 797 1097 833 pro
1124 783 1310 833 triumpho
1330 781 1468 818 ceteris-

123 860 194 898 que
224 847 340 884 laudis
369 846 579 896 insignibus,
609 859 690 896 quae
723 850 808 882 sunt
835 859 856 882 a
882 859 943 882 me
970 851 1116 896 propter
1144 845 1243 881 urbis
1270 849 1467 893 vestraeque

122 910 245 946 salutis
265 909 466 946 custodiam
489 909 688 959 repudiata,
708 921 773 958 pro
795 907 987 945 ²‘clientelis
1015 908 1249 958 hospitiisque
1274 906 1468 957 provincia-

123 972 226 1018 libus,
247 985 328 1022 quae
356 976 482 1008 tamen
511 971 655 1008 urbanis
683 971 811 1022 opibus
830 983 902 1007 non
921 971 1060 1007 minore
1080 970 1200 1007 labore
1220 975 1333 1016 tueor,
1354 982 1463 1018 quam
1495 975 1506 979 μ

124 1047 315 1085 comparo:
343 1048 408 1084 pro
426 1034 482 1070 his
501 1034 612 1084 igitur
631 1033 800 1071 omnibus
819 1034 935 1079 rebus,
956 1047 1020 1083 pro
1047 1033 1137 1069 meis
1165 1033 1201 1069 in
1225 1045 1284 1069 vos
1311 1031 1468 1081 singula-

123 1097 222 1135 ribus
240 1097 378 1143 studiis,
398 1109 534 1146 proque
554 1096 632 1141 hac,
653 1109 765 1146 quam
787 1095 997 1145 conspicitis
1017 1096 1064 1132 ad
1083 1095 1361 1132 conservandam
1389 1107 1465 1131 rem

122 1160 307 1210 publicam
337 1159 535 1209 diligentia,
554 1159 643 1195 nihil
673 1172 695 1195 a
724 1159 833 1205 vobis,
853 1158 917 1194 nisi
948 1158 1056 1208 hujus
1085 1157 1266 1207 temporis,
1285 1157 1467 1206 totiusque

123 1223 197 1260 mei
217 1222 421 1260 consulatus
440 1222 656 1259 memoriam
678 1221 839 1272 postulo3
872 1222 976 1271 ³quae
998 1222 1088 1258 dum
1111 1221 1179 1257 erit
1197 1221 1233 1257 in
1255 1220 1375 1257 vestris
1395 1220 1468 1256 fixa

123 1286 316 1332 mentibus,
336 1285 518 1322 tutissimo
537 1298 598 1322 me
626 1298 734 1322 muro
760 1290 904 1334 septum
934 1298 1008 1322 esse
1037 1284 1247 1321 arbitrabor.
1302 1283 1411 1327 Quod
1439 1282 1467 1318 si

122 1362 245 1386 meam
275 1361 378 1399 spem
407 1349 458 1386 vis
487 1348 737 1399 improborum
770 1348 954 1385 ⁴fefellerit
982 1353 1092 1398 atque
1116 1347 1347 1397 superaverit,
1372 1360 1468 1383 com-

122 1412 258 1448 mendo
278 1411 378 1448 vobis
404 1424 558 1461 parvum
587 1424 713 1448 meum
743 1411 882 1457 filium3
911 1411 967 1447 cui
989 1411 1147 1460 profecto
1168 1410 1271 1446 5satis
1292 1410 1360 1446 erit
1379 1422 1468 1460 prae-

121 1473 216 1519 sidii,
236 1486 308 1510 non
327 1473 444 1510 solum
465 1474 513 1511 ad
531 1473 697 1520 salutem,
717 1487 844 1510 verum
873 1474 982 1510 etiam
1013 1473 1059 1510 ad
1087 1473 1314 1522 dignitatem,
1333 1473 1361 1509 si
1381 1473 1467 1522 ejus,

124 1535 187 1586 qui
206 1535 286 1572 haec
304 1535 427 1573 onmia
444 1548 511 1572 suo
529 1535 636 1572 solius
656 1535 814 1585 periculo
834 1535 1102 1581 conservaverit,
1122 1535 1224 1571 illmn
1254 1535 1369 1579 filium
1393 1548 1467 1572 esse

123 1597 370 1635 memineritis.
425 1601 484 1634 24.
511 1598 740 1648 Quapropter
760 1598 806 1635 de
824 1610 972 1634 summa
997 1597 1111 1634 salute
1137 1603 1251 1634 vestra
1271 1597 1467 1648 populique

123 1661 290 1708 Romani,
308 1661 434 1698 Patres
454 1660 652 1711 conscripti,
672 1661 718 1698 de
738 1661 861 1698 vestris
881 1661 1094 1711 conjugibus
1121 1674 1162 1697 ac
1185 1660 1313 1703 liberis,
1334 1661 1378 1698 de
1399 1661 1466 1697 aris

122 1737 165 1762 ac
183 1724 278 1771 focis,
299 1724 344 1762 de
372 1723 461 1761 fanis
487 1728 599 1775 atque
626 1724 781 1774 templis,
802 1724 847 1762 de
871 1723 980 1761 totius
1009 1723 1107 1760 urbis
1127 1723 1229 1760 tectis
1249 1737 1291 1760 ac
1310 1723 1466 1763 sedibus,

122 1787 168 1825 de
198 1786 350 1837 imperio
379 1799 422 1824 ac
448 1786 622 1833 libertate,
643 1786 689 1824 de
717 1786 831 1824 salute
859 1786 982 1832 Italiae,
1003 1786 1047 1823 de
1068 1786 1230 1822 universa
1257 1799 1295 1821 re
1323 1786 1467 1835 publica

121 1849 303 1888 decernite
336 1849 537 1900 diligenter,
571 1854 614 1887 ut
644 1849 853 1897 instituistis,
886 1862 928 1886 ac
959 1849 1104 1886 fortiter.
1169 1848 1324 1885 Habetis
1357 1850 1463 1885 ⁶eum

121 1912 316 1960 consulem,
336 1912 400 1963 qui
428 1916 465 1950 et
490 1925 616 1963 parere
643 1913 767 1950 vestris
795 1912 949 1950 decretis
977 1925 1048 1948 non
1076 1912 1229 1958 dubitet,
1250 1918 1287 1949 et
1312 1926 1363 1954 ea,
1384 1926 1464 1961 quw

120 1974 326 2023 statueritis,
345 1975 468 2026 quoad
487 1975 592 2023 vivet,
613 1975 806 2014 defendere
826 1979 862 2013 et
880 1988 944 2026 per
962 1988 999 2012 se
1020 1975 1140 2026 ipsum
1160 1980 1329 2025 praestare
1350 1978 1466 2025 possit.
