1596 2643
573 146 709 171 ommo
738 146 762 171 1.
790 146 832 170 m
861 145 1077 171 CATILINAM.
1471 139 1493 172 3

154 262 223 296 sus,
241 262 286 286 ne
308 261 532 286 commovere
556 253 592 286 te
621 253 743 290 contra
761 261 838 285 rem
856 248 1039 298 publicam
1066 248 1184 298 possis.
1237 247 1431 285 Multorum
1459 254 1494 286 te

155 311 264 348 etiam
282 311 374 348 oculi
393 315 429 348 et
448 324 549 348 aures
578 324 650 349 non
676 311 898 357 sentientem,
917 311 1013 351 sicut⁴
1037 311 1156 348 adhuc
1184 310 1352 357 fecerunt,
1372 324 1494 360 specu-

154 373 321 419 labuntur
340 378 448 423 atque
467 374 674 411 custodient.
1125 371 1127 373 ’

232 436 296 473 [Π.
347 436 489 473 Etenim
509 437 596 486 quid
616 439 677 483 est,
698 436 858 483 Catilina,
879 437 977 486 quod
992 436 1069 486 jam
1088 436 1240 486 amplius
1259 440 1447 486 exspectes,
1467 437 1495 472 si

154 511 270 548 neque
297 511 366 535 nox
390 499 543 536 tenebris
567 499 755 536 obscurare
775 503 887 536 coetus
911 498 1164 545 ¹nefariOS‚nec
1189 498 1347 548 ‘²privata
1367 499 1494 535 domus

155 561 344 610 parietibus
369 561 545 598 continere
573 574 676 598 voces
704 561 951 610 conjurationis
977 566 1048 597 tune
1076 562 1215 610 potest?
1269 561 1305 597 Si
1324 561 1495 598 illustran-

157 627 219 668 tur,
238 622 267 659 si
286 627 477 672 erumpunt
495 623 640 660 omnia?
694 623 797 659 Muta
819 624 896 673 jam
925 623 1052 659 ³istam
1071 628 1240 669 mentem,
1260 623 1348 660 mihi
1368 624 1493 660 crede:

154 684 356 721 obliviscere
376 685 483 722 caedis
503 690 610 735 atque
637 685 893 722 incendiorum.
946 686 1088 722 Teneris
1107 686 1287 735 undique:
1316 686 1393 722 luce
1413 690 1494 722 sunt

155 746 299 784 clariora
324 747 426 784 nobis
453 752 516 784 tua
543 747 685 784 consilia
712 748 854 785 omnia:
887 760 969 798 quae
992 748 1070 798 jam
1095 761 1240 785 mecum
1268 748 1349 785 licet
1375 761 1493 798 recog-

154 822 285 847 noscas.
334 809 366 847 7.
393 810 630 847 Meministine
649 823 708 847 me
728 810 833 847 “ante
853 811 951 848 diem
969 811 1054 847 XII.
1074 810 1257 848 Kalendas
1271 811 1493 848 Novembres

154 872 269 910 dicere
288 873 324 909 in
343 878 476 928 senatu,
496 874 567 911 fore
586 874 623 910 in
642 874 748 911 armis
768 878 864 912 certo
884 874 950 921 die,
970 874 1031 924 qui
1051 874 1125 911 dies
1143 874 1280 911 futurus
1299 880 1391 911 esset
1412 879 1494 911 ante

154 934 252 972 diem
270 935 334 972 VI.
353 935 434 972 Kal.
453 935 686 983 Novembres,
707 936 746 973 C.
766 936 952 982 Manlium,
961 937 1121 973 audaciae
1150 937 1358 974 “'satellitem
1387 941 1494 987 atque

154 998 402 1035 administrum
420 1000 515 1036 tuae?
564 998 666 1035 Num
684 1012 744 1036 me
763 999 891 1045 fefellit,
911 999 1073 1046 Catilina,
1092 1012 1164 1036 non
1182 997 1292 1036 mod‘o
1311 1013 1366 1036 res
1384 1004 1494 1047 tanta,

153 1064 229 1096 tam
248 1064 356 1106 atrox,
376 1064 452 1096 tam
471 1060 692 1107 incredibilis,
712 1074 845 1107 verum,
863 1061 903 1098 id
922 1061 1020 1111 quod
1043 1061 1158 1098 multo
1176 1061 1292 1111 magis
1311 1066 1363 1098 est
1382 1062 1495 1099 admi-

154 1123 317 1170 randum,
337 1123 436 1160 dies?
489 1123 573 1160 Dixi
593 1124 683 1174 ⁶ego
701 1124 799 1160 idem
819 1124 855 1160 in
874 1128 1010 1170 senam,
1031 1124 1172 1161 caedem
1192 1125 1249 1160 ⁷te
1269 1124 1495 1173 optimatium

154 1185 339 1222 contulisse
357 1185 394 1222 in
413 1189 494 1222 ante
515 1186 612 1223 diem
631 1186 676 1223 V.
695 1186 879 1223 Kalendas
899 1185 1131 1233 Novembres,
1151 1191 1238 1232 tum,
1260 1199 1372 1236 quum
1391 1187 1495 1223 multi

153 1247 325 1298 principes
353 1247 498 1285 civitatis
525 1248 651 1295 Roma,
669 1261 740 1286 non
767 1253 842 1284 tam
870 1248 924 1285 sui
952 1249 1190 1295 conservandi,
1215 1261 1326 1298 quam
1353 1253 1495 1286 tuorum

154 1310 377 1348 consiliorum
412 1310 719 1365 reprimendorum
757 1324 864 1348 causa
903 1311 1144 1361 profugerunt.
1214 1310 1316 1348 Num
1356 1311 1496 1349 infitiari

156 1377 253 1423 potes
276 1377 313 1411 te
331 1373 391 1411 illo
408 1373 483 1424 ipso
503 1367 562 1411 die'
579 1374 668 1411 meis
695 1374 873 1424 praesidiis,
892 1387 975 1411 mea
1003 1374 1185 1424 diligentia
1213 1374 1496 1422 circumclusum,

155 1448 378 1473 commovere
396 1440 431 1473 te
446 1441 568 1473 contra
585 1450 663 1473 rem
675 1437 858 1487 publicam
876 1449 948 1473 non
967 1436 1130 1487 potuisse,
1145 1449 1258 1487 quum
1277 1441 1327 1484 tu,
1342 1437 1496 1474 discessu

155 1502 361 1544 ceterorum,
382 1497 521 1535 ⁸nostra
548 1503 678 1545 tamen,
699 1499 760 1548 qui
786 1499 1085 1545 remansissemus,
1105 1499 1204 1535 caede
1227 1503 1434 1536 contentum
1460 1504 1496 1537 te

155 1573 229 1597 esse
261 1560 432 1598 dicebas?
489 1565 521 1597 8.
537 1560 649 1604 ”Quid
665 1562 676 1598 2
710 1573 823 1611 quum
854 1566 895 1597 tu
927 1565 963 1597 te
995 1561 1176 1597 Praeneste
1208 1560 1383 1597 Kalendis
1415 1561 1497 1611 ipsis

154 1621 418 1660 Novembribus
445 1627 701 1673 occupaturum
729 1628 901 1660 nocturno
925 1623 1063 1673 impetu
1083 1635 1157 1661 esse
1177 1623 1393 1662 confideres:
1420 1638 1483 1662 sen

153 1684 271 1722 sistine
289 1684 388 1722 illam
407 1684 581 1722 coloniam
599 1698 682 1722 meo
701 1685 907 1735 jussu‚meis
926 1686 1107 1735 praesidiis,
1117 1686 1293 1732 custodiis,
1302 1686 1494 1737 vigiliisque

154 1760 229 1785 esse
248 1747 449 1786 munitam?
503 1747 604 1784 Nihil
631 1747 716 1798 agis,
743 1747 830 1784 nihil
857 1748 997 1794 moliris,
1024 1748 1112 1784 nihil
1137 1748 1279 1798 cogitaS,
1307 1750 1405 1799 quod
1430 1762 1495 1799 ego

145 1810 262 1854 *¹⁰non
280 1809 390 1847 modo
409 1801 564 1856 audiam,
584 1810 649 1848 sed
668 1810 776 1847 etiam
795 1810 939 1847 videam
958 1810 1134 1861 planeque
1153 1810 1316 1848 sentiam.

232 1872 296 1909 IV.
348 1871 578 1922 Recognosce
596 1873 744 1910 tandem
769 1885 913 1909 mecum
940 1873 1104 1910 ¹noctem
1131 1872 1230 1909 illam
1257 1873 1495 1923 superiorem:

154 1933 227 1984 jam
252 1934 426 1984 intelliges
453 1934 567 1972 multo
593 1947 653 1972 me
681 1934 824 1985 vigilare
852 1935 964 1972 acrius
992 1935 1040 1971 ad
1067 1934 1219 1972 salutem
1247 1948 1358 1985 quam
1385 1939 1421 1972 te
1449 1936 1494 1972 ad

155 1997 345 2047 perniciem
364 1998 414 2035 rei
432 1998 596 2048 publicae.
641 1998 733 2035 Dico
752 2002 787 2035 te
806 1998 918 2048 priore
938 2002 1042 2035 nocte
1056 1998 1191 2035 venisse
1211 1998 1323 2035 ²inter
1341 1998 1455 2035 falcari
1463 2011 1496 2035 vs

156 2058 242 2110 (non
275 2073 383 2110 agam
415 2058 594 2112 obscure),
614 2060 651 2096 in
682 2060 732 2097 M.
764 2060 880 2097 Laecae
914 2061 1064 2098 domum
1080 2072 1088 2097 :
1129 2060 1329 2098 convenisse
1367 2061 1462 2097 eodc.
1480 2074 1494 2097 a

157 2121 376 2171 “complures
407 2122 568 2173 ejusdem
605 2122 770 2160 amentiae
803 2122 1012 2173 scelerisque
1044 2123 1164 2160 socios.
1230 2122 1332 2158 Num
1359 2135 1465 2172 ,nega-l
1489 2137 1495 2151 ν

155 2184 291 2221 audes?
344 2184 440 2228 Quid
466 2186 588 2222 taces?
642 2185 893 2232 ⁴Convincam,
921 2185 949 2221 si
978 2198 1099 2235 negas.
1152 2184 1269 2221 Video
1297 2184 1393 2221 enim
1421 2197 1470 2222 ess

155 2245 212 2283 hic
231 2246 266 2282 in
285 2242 409 2282 senatu
428 2247 613 2297 quosdam,
633 2247 693 2297 qui
720 2252 841 2285 tecum
868 2261 940 2284 uua
967 2248 1117 2284 suerunt.
1173 2250 1205 2283 9.
1233 2246 1266 2283 O
1285 2247 1334 2284 dii
1353 2247 1476 2284 immo]

155 2307 262 2345 tales!
291 2307 438 2345 ubinam
456 2309 618 2359 gentium
636 2311 783 2347 sumus?
838 2310 957 2353 Quam
982 2322 1058 2346 rem
1086 2309 1268 2358 publicam
1294 2308 1484 2347 habemus·

156 2369 198 2407 In
225 2359 297 2421 qua
323 2370 411 2407 urbe
441 2370 612 2410 vivimus?
665 2371 747 2418 Hic,
775 2371 834 2409 hic
861 2376 952 2417 sunt,
980 2375 1097 2408 nostro
1123 2371 1160 2407 in
1187 2383 1335 2410 numero
1371 2371 1494 2410 Patres
