1596 2643
441 105 579 131 ORATIO
608 105 680 130 PRO
709 105 808 130 REGE
836 105 1036 130 DEIOTARO.
1364 94 1410 132 79

67 208 222 260 periculo
240 209 380 260 objecit⁷
399 213 594 258 tecumque
614 208 650 244 in
671 208 745 244 acie
761 212 883 245 contra
894 207 1123 244 Pharnacem
1141 207 1219 254 fuit,
1234 211 1415 257 tuumque

66 272 207 309 hostem
226 285 300 309 esse
319 272 422 309 duxit
448 284 566 307 suum.
621 270 735 314 ⁹Quae
756 271 906 320 quidem
928 283 950 306 a
968 275 1003 306 te
1023 270 1059 306 in
1089 283 1168 306 eam
1200 275 1340 320 partem
1361 284 1416 307 ac-

68 339 173 384 cepta
189 339 281 381 sunt,
302 334 432 380 Caesar,
451 339 491 370 ut
511 346 597 370 eum
617 333 834 383 amplissimo
852 333 986 370 honore
1007 337 1042 369 et
1061 332 1153 382 regis
1172 333 1317 369 nomine
1337 333 1416 372 affess

69 396 164 434 ceris.
222 400 279 434 15.
306 396 341 432 Is
368 396 486 446 igitur,
514 408 586 432 non
606 396 716 432 modo
736 409 757 432 a
776 400 811 432 te
832 395 988 446 periculo
1016 395 1195 441 liberatus,
1223 395 1287 431 sed
1307 394 1416 430 etiam

68 458 201 496 honore
221 459 438 509 amplissimo
457 463 610 504 ornatus,
631 458 826 508 ¹⁰arguitur
846 458 943 495 domi
962 462 998 494 te
1017 470 1091 494 suae
1111 457 1307 494 interficere
1322 456 1417 492 volu-

68 521 144 559 isse.
198 521 307 566 Quod
325 526 375 568 tu,
395 521 459 558 nisi
479 534 563 558 eum
590 521 858 558 furiosissimum
885 521 1035 571 judices,
1064 520 1233 570 suspicari
1262 519 1418 569 profecto

69 597 141 621 non
159 589 268 634 potes.
324 583 414 620 l¹Ut
432 583 527 620 enim
547 584 722 630 omittam,
742 583 842 633 cujus
862 583 950 619 tanti
980 583 1119 620 sceleris
1147 582 1262 628 fuerit,
1281 582 1316 618 in
1338 595 1418 618 con-

67 651 193 696 spectu
212 647 365 684 deorum
384 646 579 695 penatium,
601 658 728 682 necare
756 645 955 695 hospitem3
986 646 1084 695 cujus
1111 650 1221 681 tantae
1250 645 1418 694 importu-

69 709 196 756 nitatis,
215 709 376 746 omnium
395 708 559 758 gentium
575 715 682 758 atque
698 708 816 744 omnis
835 709 1019 745 memoriae
1041 708 1274 745 clarissimum
1293 707 1417 743 lumen

70 771 311 821 exstinguere3
340 771 442 820 cujus
456 775 565 807 tantae
580 770 768 807 ferocitatis
781 770 950 807 victorem
969 771 1062 808 orbis
1080 775 1252 807 terrarum
1272 783 1342 806 11011
1362 782 1418 806 ex-

70 835 276 881 timescere3
306 834 405 884 cujus
422 838 499 870 tam
518 834 705 870 inhumani
726 840 762 870 et
788 834 918 884 ingrati
946 834 1064 881 animi,
1095 834 1153 870 ¹²a
1173 847 1245 883 quo
1272 846 1331 870 rex
1359 846 1418 882 ap-

70 897 218 948 pellatus
249 902 349 944 esset,
378 897 414 933 in
440 910 482 934 eo
511 902 705 947 tyrannum
735 897 901 934 inveniri:
930 902 971 934 ut
1000 897 1078 934 haec
1110 897 1286 943 omittam,
1319 897 1418 946 cujus

71 961 160 997 tanti
177 961 301 998 furoris
318 961 395 1007 fuit,
416 960 577 998 ¹³omnes
595 973 706 1010 reges,
721 974 875 1010 quorum
894 961 999 997 multi
1014 965 1115 998 erant
1132 960 1280 1007 finitimi,
1295 973 1418 997 omnes

70 1023 197 1061 liberos
229 1023 388 1074 populos,
417 1036 541 1061 omnes
573 1023 692 1070 socios,
725 1037 849 1060 omnes
879 1024 1083 1073 pi·ovinciaS‚
1114 1023 1230 1060 omnia
1263 1023 1418 1072 denique

70 1087 234 1123 omnium
265 1099 365 1123 arma
395 1091 517 1123 contra
544 1099 582 1123 se
601 1099 715 1122 unum
746 1087 922 1123 excitare?
979 1086 1184 1130 ¹‘'Quonam
1212 1086 1270 1122 iile
1298 1087 1418 1132 modo,

71 1162 155 1186 cum
173 1162 293 1199 regno,
313 1162 397 1186 cum
416 1149 535 1196 domo,
555 1162 638 1186 cum
659 1149 820 1199 conjuge,
841 1163 926 1186 cum
946 1150 1123 1186 carissimo
1142 1149 1212 1186 filio
1231 1149 1419 1186 distractus

71 1217 170 1259 esset,
189 1217 288 1250 tanto
306 1212 437 1249 scelere
455 1225 527 1249 non
547 1212 660 1249 modo
678 1212 843 1262 peffecto⁷
862 1213 925 1249 sed
946 1213 1054 1249 etiam
1074 1212 1253 1262 cogitato?

149 1275 212 1312 VI.
270 1278 328 1311 16.
358 1275 439 1321 ¹At,
461 1275 578 1321 credo⁷
598 1274 677 1311 haec
696 1275 806 1311 homo
825 1275 1045 1311 inconsultus
1065 1279 1101 1312 et
1119 1275 1327 1311 temerarius
1347 1287 1419 1311 non

70 1337 367 1382 videbat—Quis
387 1337 639 1375 consideratior
666 1337 747 1375 illo?
777 1337 879 1388 ²quis
907 1338 1054 1375 tectior?
1085 1338 1165 1388 quis
1185 1338 1419 1388 prudentior?

72 1401 321 1451 ‘'quamquam
350 1400 419 1437 hoe
451 1400 529 1437 loco
547 1400 761 1437 Deiotarum
790 1414 861 1438 non
889 1406 965 1437 tam
994 1401 1137 1450 ingenio
1165 1405 1202 1437 et
1220 1400 1419 1450 prudentia,

72 1477 184 1514 quam
211 1464 282 1500 fide
311 1467 346 1500 et
378 1463 549 1512 religione
578 1463 661 1500 vitae
697 1463 966 1500 defendendum
996 1468 1094 1513 puto.
1148 1463 1247 1500 Nota
1274 1463 1339 1500 tibi
1367 1467 1420 1500 est

72 1527 225 1565 hominis
252 1526 420 1577 probitaS‚
449 1526 490 1563 C.
523 1526 654 1573 Caesar,
682 1527 756 1563 noti
786 1540 913 1573 mores,
951 1532 1036 1564 nota
1069 1527 1273 1564 constantia.
1328 1527 1420 1563 ⁴Cui

72 1604 184 1641 porro⁷
204 1591 266 1641 qui
285 1590 396 1627 modo
415 1589 538 1640 populi
556 1589 710 1627 Romani
729 1603 863 1627 nomen
879 1590 1026 1637 audivit,
1046 1590 1206 1627 Deiotari
1224 1591 1420 1641 integritas,

71 1653 237 1704 gravitas
267 1653 385 1699 virtus,
410 1652 501 1689 fides
529 1665 600 1690 non
629 1653 753 1690 audita
781 1654 857 1690 est?
914 1653 1042 1697 Quod
1061 1653 1169 1703 igitur
1188 1653 1324 1690 facinus
1352 1667 1419 1691 nec

71 1715 109 1753 in
127 1715 311 1753 hominem
330 1715 601 1765 imprudentem
622 1716 749 1753 cadere
770 1721 895 1766 posset,
911 1720 1054 1766 propter
1073 1721 1214 1753 metum
1235 1717 1421 1766 praesentis

73 1779 180 1826 exitii,
212 1791 278 1816 nec
306 1778 344 1815 in
375 1778 622 1825 facinorosum,
650 1778 716 1815 nisi
744 1784 838 1816 esset
864 1779 962 1816 idem
991 1779 1263 1826 amentissinms,
1291 1779 1330 1816 id
1360 1792 1421 1816 vos

73 1846 109 1879 et
132 1855 154 1879 a
186 1841 258 1879 viro
285 1841 432 1892 optimo⁷
465 1845 502 1878 et
529 1842 576 1878 ab
603 1841 750 1878 homine
788 1842 937 1879 minime
970 1842 1078 1879 stulto
1106 1842 1306 1891 cogitatum
1345 1856 1420 1879 esse

73 1905 281 1955 confingitis.
338 1904 396 1941 17.
425 1904 497 1941 “At
529 1917 640 1955 quam
672 1918 743 1942 non
775 1905 887 1942 modo
917 1918 988 1943 non
1022 1905 1244 1951 credibiliter,
1278 1906 1342 1942 sed
1375 1919 1420 1942 ne

72 1969 261 2019 suspiciose
282 1968 452 2020 quidem!
491 1968 626 2015 Quum⁷
647 1969 793 2019 ⁷inquit,
807 1969 844 2005 in
864 1969 1049 2006 castellum
1071 1969 1248 2006 Luceium
1268 1969 1421 2005 venisses

74 2037 110 2069 et
129 2032 282 2069 domum
300 2031 404 2082 regis,
423 2031 569 2082 hospitis
587 2032 649 2078 tui,
669 2032 885 2079 devertisses,
900 2032 996 2069 locus
1016 2036 1092 2069 erat
1112 2032 1273 2082 quidam,
1293 2032 1328 2067 in
1349 2045 1420 2081 quo

74 2099 175 2133 erant
194 2107 237 2132 ea
256 2095 462 2145 composita,
483 2095 615 2145 quibus
635 2100 671 2133 tc
699 2109 760 2133 rex
780 2109 970 2133 munerare
991 2096 1228 2133 constituerat.
1283 2094 1367 2131 Huc
1386 2100 1420 2131 te

75 2172 94 2196 e
114 2157 253 2205 balneo,
272 2157 480 2208 priusquam
506 2159 745 2205 accumberes,
765 2159 896 2196 ducere
918 2158 1080 2195 volebat:
1114 2158 1163 2194 ibi
1195 2158 1289 2194 enim
1322 2162 1418 2194 crant

74 2220 212 2267 armati,
232 2220 294 2270 qui
313 2224 348 2257 te
368 2219 612 2267 interficerent,
632 2221 669 2257 in
690 2234 732 2258 eo
750 2221 826 2271 ipso
851 2221 928 2258 loco
957 2220 1125 2257 collocati.
1181 2219 1256 2256 ΒΕ11
1276 2219 1420 2267 crimen,

75 2296 120 2322 eu
152 2296 268 2329 causa,
296 2295 358 2320 eur
386 2295 509 2332 regem
539 2283 717 2333 fugitivus,
749 2284 939 2321 dominum
977 2296 1099 2319 servus
1133 2287 1286 2319 accuset.
1340 2283 1420 2333 Ego

75 2345 308 2392 mehe1·cules‚'
325 2345 456 2392 Caesar,
474 2345 582 2393 initio,
602 2359 718 2397 quum
739 2351 791 2384 est
818 2347 865 2384 ad
891 2359 951 2383 me
979 2346 1045 2383 ista
1064 2358 1171 2382 causa
1190 2345 1318 2392 delata,
1338 2346 1420 2384 Phi-
