<?xml version="1.0" encoding="UTF-8"?>
<!DOCTYPE html PUBLIC "-//W3C//DTD XHTML 1.0 Transitional//EN"
    "http://www.w3.org/TR/xhtml1/DTD/xhtml1-transitional.dtd">
<html xmlns="http://www.w3.org/1999/xhtml" xml:lang="en" lang="en">
 <head>
  <title>
</title>
<meta http-equiv="Content-Type" content="text/html;charset=utf-8" />
  <meta name='ocr-system' content='tesseract 3.04.00' />
  <meta name='ocr-capabilities' content='ocr_page ocr_carea ocr_par ocr_line ocrx_word'/>
</head>
<body>
  <div class='ocr_page' id='page_1' title='image "./selectorations00ciceuoft_0079.png"; bbox 0 0 1596 2643; ppageno 0'>
   <div class='ocr_carea' id='block_1_1' title="bbox 464 127 1410 160">
    <p class='ocr_par' dir='ltr' id='par_1_1' title="bbox 464 127 1410 160">
     <span class='ocr_line' id='line_1_1' title="bbox 464 127 1410 160; baseline 0.004 -4"><span class='ocrx_word' id='word_1_1' title='bbox 464 131 601 156; x_wconf 75' lang='lat' dir='ltr'>ORA&#39;rIO</span> <span class='ocrx_word' id='word_1_2' title='bbox 630 132 703 157; x_wconf 79' lang='lat' dir='ltr'>PRO</span> <span class='ocrx_word' id='word_1_3' title='bbox 732 133 770 157; x_wconf 85' lang='lat' dir='ltr'>M.</span> <span class='ocrx_word' id='word_1_4' title='bbox 798 132 1008 157; x_wconf 76' lang='lat' dir='ltr'>MARCELLO.</span> <span class='ocrx_word' id='word_1_5' title='bbox 1361 127 1410 160; x_wconf 83' lang='lat'>59</span> 
     </span>
    </p>
   </div>
   <div class='ocr_carea' id='block_1_2' title="bbox 49 233 1410 2432">
    <p class='ocr_par' dir='ltr' id='par_1_2' title="bbox 57 233 1410 788">
     <span class='ocr_line' id='line_1_2' title="bbox 63 233 1409 281; baseline 0.003 -12"><span class='ocrx_word' id='word_1_6' title='bbox 63 245 186 270; x_wconf 89' lang='lat' dir='ltr'>meum</span> <span class='ocrx_word' id='word_1_7' title='bbox 207 233 389 270; x_wconf 84' lang='lat' dir='ltr'>consilium</span> <span class='ocrx_word' id='word_1_8' title='bbox 411 234 562 271; x_wconf 87' lang='lat' dir='ltr'>minime</span> <span class='ocrx_word' id='word_1_9' title='bbox 583 234 775 272; x_wconf 85' lang='lat' dir='ltr'>Obscurum</span> <span class='ocrx_word' id='word_1_10' title='bbox 793 235 868 272; x_wconf 81' lang='lat' dir='ltr'>fuit.</span> <span class='ocrx_word' id='word_1_11' title='bbox 923 235 1023 272; x_wconf 86' lang='lat' dir='ltr'>Nam</span> <span class='ocrx_word' id='word_1_12' title='bbox 1052 239 1088 272; x_wconf 86' lang='lat' dir='ltr'>et</span> <span class='ocrx_word' id='word_1_13' title='bbox 1113 235 1150 272; x_wconf 91' lang='lat' dir='ltr'>in</span> <span class='ocrx_word' id='word_1_14' title='bbox 1178 235 1247 274; x_wconf 86' lang='lat' dir='ltr'>hoc</span> <span class='ocrx_word' id='word_1_15' title='bbox 1275 238 1409 281; x_wconf 82' lang='lat' dir='ltr'>ordine,</span> 
     </span>
     <span class='ocr_line' id='line_1_3' title="bbox 62 295 1409 347; baseline 0.003 -17"><span class='ocrx_word' id='word_1_16' title='bbox 62 295 198 344; x_wconf 78' lang='lat' dir='ltr'>integra</span> <span class='ocrx_word' id='word_1_17' title='bbox 217 308 264 341; x_wconf 89' lang='lat' dir='ltr'>re,</span> <span class='ocrx_word' id='word_1_18' title='bbox 282 295 396 332; x_wconf 85' lang='lat' dir='ltr'>multa</span> <span class='ocrx_word' id='word_1_19' title='bbox 415 296 460 333; x_wconf 89' lang='lat' dir='ltr'>de</span> <span class='ocrx_word' id='word_1_20' title='bbox 480 309 567 346; x_wconf 80' lang='lat' dir='ltr'>pace</span> <span class='ocrx_word' id='word_1_21' title='bbox 583 296 675 343; x_wconf 78' lang='lat' dir='ltr'>(lixi3</span> <span class='ocrx_word' id='word_1_22' title='bbox 696 301 732 333; x_wconf 86' lang='lat' dir='ltr'>et</span> <span class='ocrx_word' id='word_1_23' title='bbox 750 297 786 333; x_wconf 91' lang='lat' dir='ltr'>in</span> <span class='ocrx_word' id='word_1_24' title='bbox 805 297 882 347; x_wconf 85' lang='lat' dir='ltr'>ipso</span> <span class='ocrx_word' id='word_1_25' title='bbox 896 297 990 335; x_wconf 86' lang='lat' dir='ltr'>bello</span> <span class='ocrx_word' id='word_1_26' title='bbox 1012 298 1186 345; x_wconf 76' lang='lat' dir='ltr'>12eadem,</span> <span class='ocrx_word' id='word_1_27' title='bbox 1202 298 1309 335; x_wconf 82' lang='lat' dir='ltr'>etiam</span> <span class='ocrx_word' id='word_1_28' title='bbox 1327 312 1409 335; x_wconf 85' lang='lat' dir='ltr'>eum</span> 
     </span>
     <span class='ocr_line' id='line_1_4' title="bbox 61 359 1410 411; baseline 0.002 -16"><span class='ocrx_word' id='word_1_29' title='bbox 61 359 184 408; x_wconf 81' lang='lat' dir='ltr'>capitis</span> <span class='ocrx_word' id='word_1_30' title='bbox 209 359 280 395; x_wconf 85' lang='lat' dir='ltr'>mei</span> <span class='ocrx_word' id='word_1_31' title='bbox 309 359 466 408; x_wconf 85' lang='lat' dir='ltr'>periculo</span> <span class='ocrx_word' id='word_1_32' title='bbox 493 359 594 396; x_wconf 88' lang='lat' dir='ltr'>sensi.</span> <span class='ocrx_word' id='word_1_33' title='bbox 647 360 700 396; x_wconf 87' lang='lat' dir='ltr'>Ex</span> <span class='ocrx_word' id='word_1_34' title='bbox 728 373 799 410; x_wconf 88' lang='lat' dir='ltr'>quo</span> <span class='ocrx_word' id='word_1_35' title='bbox 826 373 935 397; x_wconf 82' lang='lat' dir='ltr'>nenio</span> <span class='ocrx_word' id='word_1_36' title='bbox 957 361 1035 411; x_wconf 85' lang='lat' dir='ltr'>jam</span> <span class='ocrx_word' id='word_1_37' title='bbox 1064 361 1129 398; x_wconf 89' lang='lat' dir='ltr'>erit</span> <span class='ocrx_word' id='word_1_38' title='bbox 1156 366 1232 397; x_wconf 82' lang='lat' dir='ltr'>tam</span> <span class='ocrx_word' id='word_1_39' title='bbox 1259 361 1410 411; x_wconf 75' lang='lat' dir='ltr'>injustus</span> 
     </span>
     <span class='ocr_line' id='line_1_5' title="bbox 59 421 1409 474; baseline 0.003 -17"><span class='ocrx_word' id='word_1_40' title='bbox 59 421 279 458; x_wconf 80' lang='lat' dir='ltr'>existimator</span> <span class='ocrx_word' id='word_1_41' title='bbox 307 435 437 468; x_wconf 87' lang='lat' dir='ltr'>rerum,</span> <span class='ocrx_word' id='word_1_42' title='bbox 460 422 556 472; x_wconf 70' lang='lat' dir='ltr'>13qui</span> <span class='ocrx_word' id='word_1_43' title='bbox 585 423 736 470; x_wconf 85' lang='lat' dir='ltr'>dubitet,</span> <span class='ocrx_word' id='word_1_44' title='bbox 765 436 845 474; x_wconf 63' lang='lat' dir='ltr'>quae</span> <span class='ocrx_word' id='word_1_45' title='bbox 876 423 1025 460; x_wconf 73' lang='lat' dir='ltr'>Caesaris</span> <span class='ocrx_word' id='word_1_46' title='bbox 1054 424 1099 461; x_wconf 88' lang='lat' dir='ltr'>de</span> <span class='ocrx_word' id='word_1_47' title='bbox 1126 424 1221 461; x_wconf 86' lang='lat' dir='ltr'>bello</span> <span class='ocrx_word' id='word_1_48' title='bbox 1248 424 1409 462; x_wconf 81' lang='lat' dir='ltr'>voluntas</span> 
     </span>
     <span class='ocr_line' id='line_1_6' title="bbox 58 484 1410 535; baseline 0.004 -15"><span class='ocrx_word' id='word_1_49' title='bbox 58 484 171 530; x_wconf 78' lang='lat' dir='ltr'>fuerit,</span> <span class='ocrx_word' id='word_1_50' title='bbox 191 498 305 534; x_wconf 88' lang='lat' dir='ltr'>quum</span> <span class='ocrx_word' id='word_1_51' title='bbox 327 486 423 535; x_wconf 81' lang='lat' dir='ltr'>pacis</span> <span class='ocrx_word' id='word_1_52' title='bbox 451 492 612 523; x_wconf 76' lang='lat' dir='ltr'>auctores</span> <span class='ocrx_word' id='word_1_53' title='bbox 640 488 900 524; x_wconf 84' lang='lat' dir='ltr'>conservandos</span> <span class='ocrx_word' id='word_1_54' title='bbox 928 488 1049 524; x_wconf 86' lang='lat' dir='ltr'>statim</span> <span class='ocrx_word' id='word_1_55' title='bbox 1079 488 1265 533; x_wconf 85' lang='lat' dir='ltr'>censuerit,</span> <span class='ocrx_word' id='word_1_56' title='bbox 1285 489 1410 526; x_wconf 83' lang='lat' dir='ltr'>ceteris</span> 
     </span>
     <span class='ocr_line' id='line_1_7' title="bbox 58 547 1410 601; baseline 0.004 -18"><span class='ocrx_word' id='word_1_57' title='bbox 58 547 164 584; x_wconf 85' lang='lat' dir='ltr'>fuerit</span> <span class='ocrx_word' id='word_1_58' title='bbox 181 548 309 586; x_wconf 79' lang='lat' dir='ltr'>iratior.</span> <span class='ocrx_word' id='word_1_59' title='bbox 362 549 485 599; x_wconf 82' lang='lat' dir='ltr'><strong>Atque</strong></span> <span class='ocrx_word' id='word_1_60' title='bbox 512 550 551 586; x_wconf 86' lang='lat' dir='ltr'>id</span> <span class='ocrx_word' id='word_1_61' title='bbox 578 549 698 586; x_wconf 84' lang='lat' dir='ltr'>minus</span> <span class='ocrx_word' id='word_1_62' title='bbox 726 550 871 587; x_wconf 77' lang='lat' dir='ltr'>fortasse</span> <span class='ocrx_word' id='word_1_63' title='bbox 899 551 1035 587; x_wconf 86' lang='lat' dir='ltr'>mirum</span> <span class='ocrx_word' id='word_1_64' title='bbox 1064 556 1154 598; x_wconf 85' lang='lat' dir='ltr'>tum,</span> <span class='ocrx_word' id='word_1_65' title='bbox 1175 564 1290 601; x_wconf 88' lang='lat' dir='ltr'>quum</span> <span class='ocrx_word' id='word_1_66' title='bbox 1319 556 1410 588; x_wconf 84' lang='lat' dir='ltr'>esset</span> 
     </span>
     <span class='ocr_line' id='line_1_8' title="bbox 57 611 1410 665; baseline 0.004 -18"><span class='ocrx_word' id='word_1_67' title='bbox 57 611 212 648; x_wconf 82' lang='lat' dir='ltr'>incertus</span> <span class='ocrx_word' id='word_1_68' title='bbox 250 612 372 658; x_wconf 79' lang='lat' dir='ltr'>exitus,</span> <span class='ocrx_word' id='word_1_69' title='bbox 403 618 440 649; x_wconf 88' lang='lat' dir='ltr'>et</span> <span class='ocrx_word' id='word_1_70' title='bbox 469 625 600 662; x_wconf 78' lang='lat' dir='ltr'>anceps</span> <span class='ocrx_word' id='word_1_71' title='bbox 629 613 771 650; x_wconf 84' lang='lat' dir='ltr'>fortuna</span> <span class='ocrx_word' id='word_1_72' title='bbox 801 613 909 651; x_wconf 89' lang='lat' dir='ltr'>belli:</span> <span class='ocrx_word' id='word_1_73' title='bbox 948 614 1008 664; x_wconf 86' lang='lat' dir='ltr'>qui</span> <span class='ocrx_word' id='word_1_74' title='bbox 1042 627 1134 661; x_wconf 85' lang='lat' dir='ltr'>vero,</span> <span class='ocrx_word' id='word_1_75' title='bbox 1164 615 1283 661; x_wconf 80' lang='lat' dir='ltr'>victor,</span> <span class='ocrx_word' id='word_1_76' title='bbox 1312 615 1410 665; x_wconf 83' lang='lat' dir='ltr'>pacis</span> 
     </span>
     <span class='ocr_line' id='line_1_9' title="bbox 58 675 1409 726; baseline 0.004 -16"><span class='ocrx_word' id='word_1_77' title='bbox 58 679 220 711; x_wconf 83' lang='lat' dir='ltr'>auctores</span> <span class='ocrx_word' id='word_1_78' title='bbox 258 675 391 725; x_wconf 82' lang='lat' dir='ltr'>diliget,</span> <span class='ocrx_word' id='word_1_79' title='bbox 419 675 448 712; x_wconf 85' lang='lat' dir='ltr'>is</span> <span class='ocrx_word' id='word_1_80' title='bbox 478 676 636 726; x_wconf 85' lang='lat' dir='ltr'>profecto</span> <span class='ocrx_word' id='word_1_81' title='bbox 666 676 833 723; x_wconf 80' lang='lat' dir='ltr'>declarat,</span> <span class='ocrx_word' id='word_1_82' title='bbox 862 690 899 714; x_wconf 88' lang='lat' dir='ltr'>se</span> <span class='ocrx_word' id='word_1_83' title='bbox 927 677 1093 714; x_wconf 77' lang='lat' dir='ltr'>maluisse</span> <span class='ocrx_word' id='word_1_84' title='bbox 1127 690 1198 714; x_wconf 87' lang='lat' dir='ltr'>non</span> <span class='ocrx_word' id='word_1_85' title='bbox 1227 677 1409 725; x_wconf 79' lang='lat' dir='ltr'>dimicare,</span> 
     </span>
     <span class='ocr_line' id='line_1_10' title="bbox 57 737 342 788; baseline 0.007 -15"><span class='ocrx_word' id='word_1_86' title='bbox 57 749 170 788; x_wconf 84' lang='lat' dir='ltr'>quam</span> <span class='ocrx_word' id='word_1_87' title='bbox 193 737 342 775; x_wconf 87' lang='lat' dir='ltr'>vincere.</span> 
     </span>
    </p>

    <p class='ocr_par' dir='ltr' id='par_1_3' title="bbox 50 801 1409 2051">
     <span class='ocr_line' id='line_1_11' title="bbox 136 801 1409 853; baseline 0.004 -16"><span class='ocrx_word' id='word_1_88' title='bbox 136 801 198 838; x_wconf 91' lang='lat' dir='ltr'>VI.</span> <span class='ocrx_word' id='word_1_89' title='bbox 256 805 313 838; x_wconf 88' lang='lat'>16.</span> <span class='ocrx_word' id='word_1_90' title='bbox 341 801 465 852; x_wconf 80' lang='lat' dir='ltr'><strong>Atque</strong></span> <span class='ocrx_word' id='word_1_91' title='bbox 497 802 623 853; x_wconf 87' lang='lat' dir='ltr'>¹hujus</span> <span class='ocrx_word' id='word_1_92' title='bbox 654 802 801 853; x_wconf 81' lang='lat' dir='ltr'>quidem</span> <span class='ocrx_word' id='word_1_93' title='bbox 834 803 883 840; x_wconf 86' lang='lat' dir='ltr'>rei</span> <span class='ocrx_word' id='word_1_94' title='bbox 913 803 963 840; x_wconf 91' lang='lat' dir='ltr'>M.</span> <span class='ocrx_word' id='word_1_95' title='bbox 991 803 1161 841; x_wconf 77' lang='lat' dir='ltr'>Marcello</span> <span class='ocrx_word' id='word_1_96' title='bbox 1190 818 1268 841; x_wconf 87' lang='lat' dir='ltr'>sum</span> <span class='ocrx_word' id='word_1_97' title='bbox 1301 805 1409 842; x_wconf 81' lang='lat' dir='ltr'>testis.</span> 
     </span>
     <span class='ocr_line' id='line_1_12' title="bbox 56 863 1408 916; baseline 0.004 -16"><span class='ocrx_word' id='word_1_98' title='bbox 56 863 201 902; x_wconf 77' lang='lat' dir='ltr'>²Nostri</span> <span class='ocrx_word' id='word_1_99' title='bbox 221 864 318 902; x_wconf 91' lang='lat' dir='ltr'>enim</span> <span class='ocrx_word' id='word_1_100' title='bbox 336 877 468 912; x_wconf 87' lang='lat' dir='ltr'>sensus,</span> <span class='ocrx_word' id='word_1_101' title='bbox 487 869 529 902; x_wconf 88' lang='lat' dir='ltr'>ut</span> <span class='ocrx_word' id='word_1_102' title='bbox 547 865 583 902; x_wconf 93' lang='lat' dir='ltr'>in</span> <span class='ocrx_word' id='word_1_103' title='bbox 602 879 691 916; x_wconf 89' lang='lat' dir='ltr'>paee</span> <span class='ocrx_word' id='word_1_104' title='bbox 710 879 863 916; x_wconf 81' lang='lat' dir='ltr'>semper,</span> <span class='ocrx_word' id='word_1_105' title='bbox 879 866 928 904; x_wconf 85' lang='lat' dir='ltr'>sic</span> <span class='ocrx_word' id='word_1_106' title='bbox 946 871 1026 903; x_wconf 79' lang='lat' dir='ltr'>tuni</span> <span class='ocrx_word' id='word_1_107' title='bbox 1041 867 1151 904; x_wconf 82' lang='lat' dir='ltr'>etiam</span> <span class='ocrx_word' id='word_1_108' title='bbox 1171 868 1207 904; x_wconf 90' lang='lat' dir='ltr'>in</span> <span class='ocrx_word' id='word_1_109' title='bbox 1222 868 1316 905; x_wconf 84' lang='lat' dir='ltr'>bello</span> <span class='ocrx_word' id='word_1_110' title='bbox 1329 881 1408 905; x_wconf 83' lang='lat' dir='ltr'>con-</span> 
     </span>
     <span class='ocr_line' id='line_1_13' title="bbox 55 927 1407 982; baseline 0.003 -18"><span class='ocrx_word' id='word_1_111' title='bbox 55 927 242 977; x_wconf 79' lang='lat' dir='ltr'>gmebant.</span> <span class='ocrx_word' id='word_1_112' title='bbox 296 927 442 971; x_wconf 84' lang='lat' dir='ltr'>Quoties</span> <span class='ocrx_word' id='word_1_113' title='bbox 468 941 537 977; x_wconf 78' lang='lat' dir='ltr'>ego</span> <span class='ocrx_word' id='word_1_114' title='bbox 561 941 659 976; x_wconf 87' lang='lat' dir='ltr'>eum,</span> <span class='ocrx_word' id='word_1_115' title='bbox 680 933 716 966; x_wconf 88' lang='lat' dir='ltr'>et</span> <span class='ocrx_word' id='word_1_116' title='bbox 735 933 871 979; x_wconf 89' lang='lat' dir='ltr'>quanto</span> <span class='ocrx_word' id='word_1_117' title='bbox 900 943 984 966; x_wconf 87' lang='lat' dir='ltr'>cum</span> <span class='ocrx_word' id='word_1_118' title='bbox 1014 930 1145 977; x_wconf 86' lang='lat' dir='ltr'>dolore,</span> <span class='ocrx_word' id='word_1_119' title='bbox 1165 931 1247 977; x_wconf 79' lang='lat' dir='ltr'>vidi,</span> <span class='ocrx_word' id='word_1_120' title='bbox 1269 931 1407 982; x_wconf 77' lang='lat' dir='ltr'>³quum</span> 
     </span>
     <span class='ocr_line' id='line_1_14' title="bbox 54 990 1407 1043; baseline 0.004 -17"><span class='ocrx_word' id='word_1_121' title='bbox 54 990 280 1028; x_wconf 76' lang='lat' dir='ltr'>insolentiam</span> <span class='ocrx_word' id='word_1_122' title='bbox 301 996 480 1028; x_wconf 85' lang='lat' dir='ltr'>certorum</span> <span class='ocrx_word' id='word_1_123' title='bbox 499 991 699 1039; x_wconf 88' lang='lat' dir='ltr'>hominum,</span> <span class='ocrx_word' id='word_1_124' title='bbox 716 997 795 1029; x_wconf 90' lang='lat' dir='ltr'>tum</span> <span class='ocrx_word' id='word_1_125' title='bbox 817 993 926 1030; x_wconf 89' lang='lat' dir='ltr'>etiam</span> <span class='ocrx_word' id='word_1_126' title='bbox 946 993 1054 1043; x_wconf 87' lang='lat' dir='ltr'>ipsius</span> <span class='ocrx_word' id='word_1_127' title='bbox 1074 994 1227 1031; x_wconf 80' lang='lat' dir='ltr'>vietoriae</span> <span class='ocrx_word' id='word_1_128' title='bbox 1247 995 1407 1032; x_wconf 79' lang='lat' dir='ltr'>ferocita-</span> 
     </span>
     <span class='ocr_line' id='line_1_15' title="bbox 54 1053 1407 1105; baseline 0.004 -15"><span class='ocrx_word' id='word_1_129' title='bbox 54 1058 141 1100; x_wconf 86' lang='lat' dir='ltr'>tem,</span> <span class='ocrx_word' id='word_1_130' title='bbox 160 1053 473 1091; x_wconf 80' lang='lat' dir='ltr'>extimescentem!</span> <span class='ocrx_word' id='word_1_131' title='bbox 519 1054 532 1071; x_wconf 80' lang='lat'>⁴</span> <span class='ocrx_word' id='word_1_132' title='bbox 543 1054 625 1098; x_wconf 81' lang='lat' dir='ltr'>Quo</span> <span class='ocrx_word' id='word_1_133' title='bbox 644 1055 777 1105; x_wconf 74' lang='lat' dir='ltr'>gratior</span> <span class='ocrx_word' id='word_1_134' title='bbox 795 1060 859 1091; x_wconf 83' lang='lat' dir='ltr'>tua</span> <span class='ocrx_word' id='word_1_135' title='bbox 876 1055 1078 1102; x_wconf 76' lang='lat' dir='ltr'>liberalitas,</span> <span class='ocrx_word' id='word_1_136' title='bbox 1095 1057 1135 1093; x_wconf 85' lang='lat' dir='ltr'>C.</span> <span class='ocrx_word' id='word_1_137' title='bbox 1150 1057 1281 1103; x_wconf 68' lang='lat' dir='ltr'>Caesar,</span> <span class='ocrx_word' id='word_1_138' title='bbox 1295 1058 1407 1105; x_wconf 79' lang='lat' dir='ltr'>nobis,</span> 
     </span>
     <span class='ocr_line' id='line_1_16' title="bbox 54 1116 1406 1169; baseline 0.004 -16"><span class='ocrx_word' id='word_1_139' title='bbox 54 1117 116 1167; x_wconf 89' lang='lat' dir='ltr'>qui</span> <span class='ocrx_word' id='word_1_140' title='bbox 134 1117 195 1154; x_wconf 90' lang='lat' dir='ltr'>illa</span> <span class='ocrx_word' id='word_1_141' title='bbox 213 1116 378 1164; x_wconf 87' lang='lat' dir='ltr'>vidimus,</span> <span class='ocrx_word' id='word_1_142' title='bbox 398 1118 508 1155; x_wconf 81' lang='lat' dir='ltr'>debet</span> <span class='ocrx_word' id='word_1_143' title='bbox 527 1131 613 1155; x_wconf 87' lang='lat' dir='ltr'>esse.</span> <span class='ocrx_word' id='word_1_144' title='bbox 667 1118 751 1155; x_wconf 85' lang='lat' dir='ltr'>Non</span> <span class='ocrx_word' id='word_1_145' title='bbox 771 1119 866 1155; x_wconf 77' lang='lat' dir='ltr'>enim</span> <span class='ocrx_word' id='word_1_146' title='bbox 887 1119 964 1169; x_wconf 84' lang='lat' dir='ltr'>jam</span> <span class='ocrx_word' id='word_1_147' title='bbox 987 1119 1126 1157; x_wconf 68' lang='lat' dir='ltr'>f&#39;causae</span> <span class='ocrx_word' id='word_1_148' title='bbox 1146 1125 1229 1157; x_wconf 89' lang='lat' dir='ltr'>sunt</span> <span class='ocrx_word' id='word_1_149' title='bbox 1247 1121 1340 1158; x_wconf 87' lang='lat' dir='ltr'>inter</span> <span class='ocrx_word' id='word_1_150' title='bbox 1359 1134 1406 1168; x_wconf 84' lang='lat' dir='ltr'>se,</span> 
     </span>
     <span class='ocr_line' id='line_1_17' title="bbox 53 1179 1408 1234; baseline 0.004 -18"><span class='ocrx_word' id='word_1_151' title='bbox 53 1180 117 1217; x_wconf 88' lang='lat' dir='ltr'>sed</span> <span class='ocrx_word' id='word_1_152' title='bbox 136 1179 301 1227; x_wconf 84' lang='lat' dir='ltr'>victoriae,</span> <span class='ocrx_word' id='word_1_153' title='bbox 321 1181 586 1230; x_wconf 72' lang='lat' dir='ltr'>comparandae.</span> <span class='ocrx_word' id='word_1_154' title='bbox 643 1181 702 1218; x_wconf 79' lang='lat'>17.</span> <span class='ocrx_word' id='word_1_155' title='bbox 729 1181 901 1218; x_wconf 80' lang='lat' dir='ltr'>Vidimus</span> <span class='ocrx_word' id='word_1_156' title='bbox 928 1187 1031 1218; x_wconf 85' lang='lat' dir='ltr'>tuam</span> <span class='ocrx_word' id='word_1_157' title='bbox 1055 1183 1238 1220; x_wconf 59' lang='lat' dir='ltr'>uictoriam</span> <span class='ocrx_word' id='word_1_158' title='bbox 1267 1184 1408 1234; x_wconf 87' lang='lat' dir='ltr'>proelio-</span> 
     </span>
     <span class='ocr_line' id='line_1_18' title="bbox 53 1242 1406 1295; baseline 0.004 -16"><span class='ocrx_word' id='word_1_159' title='bbox 53 1255 135 1279; x_wconf 85' lang='lat' dir='ltr'>rum</span> <span class='ocrx_word' id='word_1_160' title='bbox 164 1242 260 1280; x_wconf 88' lang='lat' dir='ltr'>exitu</span> <span class='ocrx_word' id='word_1_161' title='bbox 289 1243 548 1281; x_wconf 78' lang='lat' dir='ltr'>terminatam:</span> <span class='ocrx_word' id='word_1_162' title='bbox 582 1243 767 1294; x_wconf 71' lang='lat' dir='ltr'>“gladium</span> <span class='ocrx_word' id='word_1_163' title='bbox 796 1245 929 1295; x_wconf 77' lang='lat' dir='ltr'>vagina</span> <span class='ocrx_word' id='word_1_164' title='bbox 957 1258 1112 1282; x_wconf 87' lang='lat' dir='ltr'>vacuum</span> <span class='ocrx_word' id='word_1_165' title='bbox 1144 1246 1182 1282; x_wconf 89' lang='lat' dir='ltr'>in</span> <span class='ocrx_word' id='word_1_166' title='bbox 1211 1247 1302 1284; x_wconf 86' lang='lat' dir='ltr'>urbe</span> <span class='ocrx_word' id='word_1_167' title='bbox 1334 1260 1406 1285; x_wconf 86' lang='lat' dir='ltr'>non</span> 
     </span>
     <span class='ocr_line' id='line_1_19' title="bbox 52 1304 1406 1359; baseline 0.004 -17"><span class='ocrx_word' id='word_1_168' title='bbox 52 1305 217 1342; x_wconf 82' lang='lat' dir='ltr'>vidimus.</span> <span class='ocrx_word' id='word_1_169' title='bbox 270 1304 370 1349; x_wconf 79' lang='lat' dir='ltr'>Quos</span> <span class='ocrx_word' id='word_1_170' title='bbox 397 1306 582 1343; x_wconf 86' lang='lat' dir='ltr'>amisimus</span> <span class='ocrx_word' id='word_1_171' title='bbox 610 1307 713 1354; x_wconf 86' lang='lat' dir='ltr'>cives,</span> <span class='ocrx_word' id='word_1_172' title='bbox 733 1320 792 1344; x_wconf 86' lang='lat' dir='ltr'>eos</span> <span class='ocrx_word' id='word_1_173' title='bbox 821 1307 968 1345; x_wconf 87' lang='lat' dir='ltr'>⁷Martis</span> <span class='ocrx_word' id='word_1_174' title='bbox 995 1308 1046 1345; x_wconf 83' lang='lat' dir='ltr'>vis</span> <span class='ocrx_word' id='word_1_175' title='bbox 1073 1309 1234 1359; x_wconf 82' lang='lat' dir='ltr'>perculit,</span> <span class='ocrx_word' id='word_1_176' title='bbox 1254 1323 1325 1347; x_wconf 89' lang='lat' dir='ltr'>non</span> <span class='ocrx_word' id='word_1_177' title='bbox 1353 1310 1406 1348; x_wconf 91' lang='lat' dir='ltr'>ira</span> 
     </span>
     <span class='ocr_line' id='line_1_20' title="bbox 52 1367 1406 1423; baseline 0.004 -18"><span class='ocrx_word' id='word_1_178' title='bbox 52 1367 225 1415; x_wconf 83' lang='lat' dir='ltr'>victoriae;</span> <span class='ocrx_word' id='word_1_179' title='bbox 238 1372 278 1405; x_wconf 87' lang='lat' dir='ltr'>ut</span> <span class='ocrx_word' id='word_1_180' title='bbox 305 1368 474 1406; x_wconf 87' lang='lat' dir='ltr'>dubitare</span> <span class='ocrx_word' id='word_1_181' title='bbox 502 1370 636 1407; x_wconf 87' lang='lat' dir='ltr'>debeat</span> <span class='ocrx_word' id='word_1_182' title='bbox 661 1383 781 1417; x_wconf 84' lang='lat' dir='ltr'>nemo,</span> <span class='ocrx_word' id='word_1_183' title='bbox 800 1370 886 1421; x_wconf 87' lang='lat' dir='ltr'>quin</span> <span class='ocrx_word' id='word_1_184' title='bbox 910 1371 1052 1418; x_wconf 75' lang='lat' dir='ltr'>multos,</span> <span class='ocrx_word' id='word_1_185' title='bbox 1073 1371 1101 1408; x_wconf 86' lang='lat' dir='ltr'>si</span> <span class='ocrx_word' id='word_1_186' title='bbox 1120 1371 1198 1409; x_wconf 87' lang='lat' dir='ltr'>fieri</span> <span class='ocrx_word' id='word_1_187' title='bbox 1217 1378 1344 1423; x_wconf 84' lang='lat' dir='ltr'>posset,</span> <span class='ocrx_word' id='word_1_188' title='bbox 1365 1373 1406 1412; x_wconf 83' lang='lat' dir='ltr'>G.</span> 
     </span>
     <span class='ocr_line' id='line_1_21' title="bbox 53 1430 1406 1487; baseline 0.004 -19"><span class='ocrx_word' id='word_1_189' title='bbox 53 1430 174 1468; x_wconf 84' lang='lat' dir='ltr'>Caesar</span> <span class='ocrx_word' id='word_1_190' title='bbox 193 1431 241 1468; x_wconf 89' lang='lat' dir='ltr'>ab</span> <span class='ocrx_word' id='word_1_191' title='bbox 259 1431 376 1468; x_wconf 85' lang='lat' dir='ltr'>inferis</span> <span class='ocrx_word' id='word_1_192' title='bbox 396 1432 577 1478; x_wconf 82' lang='lat' dir='ltr'>excitaret,</span> <span class='ocrx_word' id='word_1_193' title='bbox 597 1433 768 1482; x_wconf 83' lang='lat' dir='ltr'>quoniam</span> <span class='ocrx_word' id='word_1_194' title='bbox 789 1446 833 1470; x_wconf 89' lang='lat' dir='ltr'>ex</span> <span class='ocrx_word' id='word_1_195' title='bbox 853 1434 984 1471; x_wconf 86' lang='lat' dir='ltr'>eadem</span> <span class='ocrx_word' id='word_1_196' title='bbox 1003 1434 1079 1471; x_wconf 80' lang='lat' dir='ltr'>acie</span> <span class='ocrx_word' id='word_1_197' title='bbox 1100 1440 1294 1482; x_wconf 84' lang='lat' dir='ltr'>conservat,</span> <span class='ocrx_word' id='word_1_198' title='bbox 1316 1449 1406 1487; x_wconf 88' lang='lat' dir='ltr'>quos</span> 
     </span>
     <span class='ocr_line' id='line_1_22' title="bbox 51 1493 1405 1548; baseline 0.004 -18"><span class='ocrx_word' id='word_1_199' title='bbox 51 1498 179 1544; x_wconf 87' lang='lat' dir='ltr'>potest.</span> <span class='ocrx_word' id='word_1_200' title='bbox 233 1493 406 1531; x_wconf 78' lang='lat' dir='ltr'>‘&#39;Alterius</span> <span class='ocrx_word' id='word_1_201' title='bbox 425 1507 510 1532; x_wconf 85' lang='lat' dir='ltr'>vero</span> <span class='ocrx_word' id='word_1_202' title='bbox 528 1494 648 1544; x_wconf 85' lang='lat' dir='ltr'>partis,</span> <span class='ocrx_word' id='word_1_203' title='bbox 667 1496 754 1532; x_wconf 83' lang='lat' dir='ltr'>nihil</span> <span class='ocrx_word' id='word_1_204' title='bbox 781 1496 933 1546; x_wconf 82' lang='lat' dir='ltr'>amplius</span> <span class='ocrx_word' id='word_1_205' title='bbox 958 1497 1087 1543; x_wconf 80' lang='lat' dir='ltr'>dicam,</span> <span class='ocrx_word' id='word_1_206' title='bbox 1107 1510 1218 1547; x_wconf 83' lang='lat' dir='ltr'>quain</span> <span class='ocrx_word' id='word_1_207' title='bbox 1238 1498 1286 1546; x_wconf 87' lang='lat' dir='ltr'>id,</span> <span class='ocrx_word' id='word_1_208' title='bbox 1306 1499 1405 1548; x_wconf 83' lang='lat' dir='ltr'>quod</span> 
     </span>
     <span class='ocr_line' id='line_1_23' title="bbox 52 1557 1405 1605; baseline 0.004 -11"><span class='ocrx_word' id='word_1_209' title='bbox 52 1570 179 1594; x_wconf 85' lang='lat' dir='ltr'>omnes</span> <span class='ocrx_word' id='word_1_210' title='bbox 216 1557 441 1605; x_wconf 81' lang='lat' dir='ltr'>verebamur,</span> <span class='ocrx_word' id='word_1_211' title='bbox 475 1557 584 1595; x_wconf 91' lang='lat' dir='ltr'>nimis</span> <span class='ocrx_word' id='word_1_212' title='bbox 620 1558 832 1596; x_wconf 86' lang='lat' dir='ltr'>iracundam</span> <span class='ocrx_word' id='word_1_213' title='bbox 869 1559 1028 1596; x_wconf 84' lang='lat' dir='ltr'>futuram</span> <span class='ocrx_word' id='word_1_214' title='bbox 1065 1561 1171 1598; x_wconf 87' lang='lat' dir='ltr'>fuisse</span> <span class='ocrx_word' id='word_1_215' title='bbox 1209 1561 1405 1600; x_wconf 87' lang='lat' dir='ltr'>victoriam.</span> 
     </span>
     <span class='ocr_line' id='line_1_24' title="bbox 55 1619 1403 1673; baseline 0.004 -17"><span class='ocrx_word' id='word_1_216' title='bbox 55 1623 114 1657; x_wconf 85' lang='lat'>18.</span> <span class='ocrx_word' id='word_1_217' title='bbox 141 1619 301 1664; x_wconf 78' lang='lat' dir='ltr'>Quidam</span> <span class='ocrx_word' id='word_1_218' title='bbox 320 1620 428 1667; x_wconf 89' lang='lat' dir='ltr'>enim,</span> <span class='ocrx_word' id='word_1_219' title='bbox 447 1633 519 1658; x_wconf 90' lang='lat' dir='ltr'>non</span> <span class='ocrx_word' id='word_1_220' title='bbox 547 1621 659 1658; x_wconf 86' lang='lat' dir='ltr'>modo</span> <span class='ocrx_word' id='word_1_221' title='bbox 682 1621 838 1668; x_wconf 86' lang='lat' dir='ltr'>armatis,</span> <span class='ocrx_word' id='word_1_222' title='bbox 859 1622 924 1659; x_wconf 84' lang='lat' dir='ltr'>sed</span> <span class='ocrx_word' id='word_1_223' title='bbox 943 1622 1126 1660; x_wconf 83' lang='lat' dir='ltr'>interdum</span> <span class='ocrx_word' id='word_1_224' title='bbox 1146 1623 1257 1661; x_wconf 84' lang='lat' dir='ltr'>etiam</span> <span class='ocrx_word' id='word_1_225' title='bbox 1276 1624 1403 1673; x_wconf 79' lang='lat' dir='ltr'>otiosis,</span> 
     </span>
     <span class='ocr_line' id='line_1_25' title="bbox 51 1682 1404 1738; baseline 0.004 -19"><span class='ocrx_word' id='word_1_226' title='bbox 51 1682 303 1729; x_wconf 80' lang='lat' dir='ltr'>minabantur3</span> <span class='ocrx_word' id='word_1_227' title='bbox 332 1683 431 1730; x_wconf 71' lang='lat' dir='ltr'>‘’nec,</span> <span class='ocrx_word' id='word_1_228' title='bbox 452 1683 540 1734; x_wconf 89' lang='lat' dir='ltr'>quid</span> <span class='ocrx_word' id='word_1_229' title='bbox 563 1684 717 1734; x_wconf 81' lang='lat' dir='ltr'>quisque</span> <span class='ocrx_word' id='word_1_230' title='bbox 737 1685 910 1732; x_wconf 76' lang='lat' dir='ltr'>sensisset,</span> <span class='ocrx_word' id='word_1_231' title='bbox 928 1686 993 1723; x_wconf 85' lang='lat' dir='ltr'>sed</span> <span class='ocrx_word' id='word_1_232' title='bbox 1013 1685 1074 1723; x_wconf 87' lang='lat' dir='ltr'>ubi</span> <span class='ocrx_word' id='word_1_233' title='bbox 1096 1686 1227 1734; x_wconf 87' lang='lat' dir='ltr'>fuisset,</span> <span class='ocrx_word' id='word_1_234' title='bbox 1247 1687 1404 1738; x_wconf 79' lang='lat' dir='ltr'>cogitan-</span> 
     </span>
     <span class='ocr_line' id='line_1_26' title="bbox 52 1745 1402 1799; baseline 0.004 -17"><span class='ocrx_word' id='word_1_235' title='bbox 52 1746 142 1782; x_wconf 85' lang='lat' dir='ltr'>dum</span> <span class='ocrx_word' id='word_1_236' title='bbox 161 1759 236 1783; x_wconf 83' lang='lat' dir='ltr'>esse</span> <span class='ocrx_word' id='word_1_237' title='bbox 257 1745 449 1784; x_wconf 77' lang='lat' dir='ltr'>dicebant:</span> <span class='ocrx_word' id='word_1_238' title='bbox 479 1747 557 1784; x_wconf 80' lang='lat' dir='ltr'>¹⁰ut</span> <span class='ocrx_word' id='word_1_239' title='bbox 583 1746 674 1783; x_wconf 90' lang='lat' dir='ltr'>mihi</span> <span class='ocrx_word' id='word_1_240' title='bbox 703 1747 853 1797; x_wconf 83' lang='lat' dir='ltr'>quidem</span> <span class='ocrx_word' id='word_1_241' title='bbox 881 1747 1072 1785; x_wconf 83' lang='lat' dir='ltr'>videantur</span> <span class='ocrx_word' id='word_1_242' title='bbox 1092 1748 1141 1786; x_wconf 81' lang='lat' dir='ltr'>dii</span> <span class='ocrx_word' id='word_1_243' title='bbox 1169 1749 1402 1799; x_wconf 85' lang='lat' dir='ltr'>immortales,</span> 
     </span>
     <span class='ocr_line' id='line_1_27' title="bbox 52 1808 1404 1864; baseline 0.005 -19"><span class='ocrx_word' id='word_1_244' title='bbox 52 1808 159 1845; x_wconf 85' lang='lat' dir='ltr'>etiam</span> <span class='ocrx_word' id='word_1_245' title='bbox 179 1809 208 1846; x_wconf 87' lang='lat' dir='ltr'>si</span> <span class='ocrx_word' id='word_1_246' title='bbox 227 1821 351 1859; x_wconf 78' lang='lat' dir='ltr'>poenas</span> <span class='ocrx_word' id='word_1_247' title='bbox 379 1822 401 1846; x_wconf 89' lang='lat' dir='ltr'>a</span> <span class='ocrx_word' id='word_1_248' title='bbox 427 1809 560 1860; x_wconf 87' lang='lat' dir='ltr'>populo</span> <span class='ocrx_word' id='word_1_249' title='bbox 579 1809 746 1848; x_wconf 85' lang='lat' dir='ltr'>Romano</span> <span class='ocrx_word' id='word_1_250' title='bbox 773 1811 821 1848; x_wconf 88' lang='lat' dir='ltr'>ob</span> <span class='ocrx_word' id='word_1_251' title='bbox 849 1811 995 1862; x_wconf 84' lang='lat' dir='ltr'>aliquod</span> <span class='ocrx_word' id='word_1_252' title='bbox 1023 1811 1196 1850; x_wconf 88' lang='lat' dir='ltr'>delictum</span> <span class='ocrx_word' id='word_1_253' title='bbox 1224 1814 1404 1864; x_wconf 86' lang='lat' dir='ltr'>expetive-</span> 
     </span>
     <span class='ocr_line' id='line_1_28' title="bbox 51 1872 1406 1925; baseline 0.005 -17"><span class='ocrx_word' id='word_1_254' title='bbox 51 1876 144 1919; x_wconf 87' lang='lat' dir='ltr'>runt,</span> <span class='ocrx_word' id='word_1_255' title='bbox 166 1872 229 1923; x_wconf 92' lang='lat' dir='ltr'>qui</span> <span class='ocrx_word' id='word_1_256' title='bbox 249 1872 350 1911; x_wconf 84' lang='lat' dir='ltr'>civile</span> <span class='ocrx_word' id='word_1_257' title='bbox 368 1872 505 1911; x_wconf 87' lang='lat' dir='ltr'>bellum</span> <span class='ocrx_word' id='word_1_258' title='bbox 524 1877 671 1911; x_wconf 86' lang='lat' dir='ltr'>tantum</span> <span class='ocrx_word' id='word_1_259' title='bbox 691 1878 728 1912; x_wconf 90' lang='lat' dir='ltr'>et</span> <span class='ocrx_word' id='word_1_260' title='bbox 746 1880 822 1911; x_wconf 89' lang='lat' dir='ltr'>tam</span> <span class='ocrx_word' id='word_1_261' title='bbox 843 1874 1051 1912; x_wconf 88' lang='lat' dir='ltr'>luctuosum</span> <span class='ocrx_word' id='word_1_262' title='bbox 1072 1875 1326 1925; x_wconf 80' lang='lat' dir='ltr'>excitaverunt,</span> <span class='ocrx_word' id='word_1_263' title='bbox 1346 1878 1406 1919; x_wconf 70' lang='lat' dir='ltr'>vel</span> 
     </span>
     <span class='ocr_line' id='line_1_29' title="bbox 50 1935 1401 1990; baseline 0.005 -18"><span class='ocrx_word' id='word_1_264' title='bbox 50 1935 177 1986; x_wconf 86' lang='lat' dir='ltr'>placati</span> <span class='ocrx_word' id='word_1_265' title='bbox 193 1935 280 1987; x_wconf 86' lang='lat' dir='ltr'>jam,</span> <span class='ocrx_word' id='word_1_266' title='bbox 291 1936 349 1974; x_wconf 88' lang='lat' dir='ltr'>vel</span> <span class='ocrx_word' id='word_1_267' title='bbox 367 1937 486 1974; x_wconf 85' lang='lat' dir='ltr'>satiati</span> <span class='ocrx_word' id='word_1_268' title='bbox 501 1937 708 1988; x_wconf 86' lang='lat' dir='ltr'>aliquando,</span> <span class='ocrx_word' id='word_1_269' title='bbox 723 1938 748 1955; x_wconf 82' lang='lat'>¹¹</span> <span class='ocrx_word' id='word_1_270' title='bbox 759 1951 906 1976; x_wconf 89' lang='lat' dir='ltr'>omnem</span> <span class='ocrx_word' id='word_1_271' title='bbox 926 1952 1028 1990; x_wconf 86' lang='lat' dir='ltr'>spem</span> <span class='ocrx_word' id='word_1_272' title='bbox 1042 1940 1165 1977; x_wconf 76' lang='lat' dir='ltr'>salutis</span> <span class='ocrx_word' id='word_1_273' title='bbox 1185 1941 1233 1979; x_wconf 82' lang='lat' dir='ltr'>ad</span> <span class='ocrx_word' id='word_1_274' title='bbox 1248 1941 1401 1980; x_wconf 85' lang='lat' dir='ltr'>elemen-</span> 
     </span>
     <span class='ocr_line' id='line_1_30' title="bbox 51 1998 809 2051; baseline 0.007 -16"><span class='ocrx_word' id='word_1_275' title='bbox 51 1998 137 2035; x_wconf 82' lang='lat' dir='ltr'>tiam</span> <span class='ocrx_word' id='word_1_276' title='bbox 158 1998 300 2036; x_wconf 84' lang='lat' dir='ltr'>victoris</span> <span class='ocrx_word' id='word_1_277' title='bbox 318 2004 356 2037; x_wconf 87' lang='lat' dir='ltr'>et</span> <span class='ocrx_word' id='word_1_278' title='bbox 371 2000 587 2051; x_wconf 78' lang='lat' dir='ltr'>sapientiam</span> <span class='ocrx_word' id='word_1_279' title='bbox 608 2001 809 2040; x_wconf 84' lang='lat' dir='ltr'>contulisse.</span> 
     </span>
    </p>

    <p class='ocr_par' dir='ltr' id='par_1_4' title="bbox 49 2060 1400 2432">
     <span class='ocr_line' id='line_1_31' title="bbox 133 2060 1400 2116; baseline 0.006 -18"><span class='ocrx_word' id='word_1_280' title='bbox 133 2065 191 2098; x_wconf 87' lang='lat'>19.</span> <span class='ocrx_word' id='word_1_281' title='bbox 219 2060 341 2105; x_wconf 82' lang='lat' dir='ltr'>Quare</span> <span class='ocrx_word' id='word_1_282' title='bbox 368 2063 489 2113; x_wconf 83' lang='lat' dir='ltr'>gaude</span> <span class='ocrx_word' id='word_1_283' title='bbox 518 2067 582 2102; x_wconf 89' lang='lat' dir='ltr'>tuo</span> <span class='ocrx_word' id='word_1_284' title='bbox 610 2064 678 2102; x_wconf 84' lang='lat' dir='ltr'>isto</span> <span class='ocrx_word' id='word_1_285' title='bbox 709 2063 820 2102; x_wconf 74' lang='lat' dir='ltr'>¹²tam</span> <span class='ocrx_word' id='word_1_286' title='bbox 857 2065 1043 2102; x_wconf 84' lang='lat' dir='ltr'>excellenti</span> <span class='ocrx_word' id='word_1_287' title='bbox 1074 2065 1192 2104; x_wconf 91' lang='lat' dir='ltr'>bono:</span> <span class='ocrx_word' id='word_1_288' title='bbox 1221 2071 1256 2104; x_wconf 91' lang='lat' dir='ltr'>et</span> <span class='ocrx_word' id='word_1_289' title='bbox 1273 2067 1400 2116; x_wconf 86' lang='lat' dir='ltr'>fruere,</span> 
     </span>
     <span class='ocr_line' id='line_1_32' title="bbox 50 2124 1399 2181; baseline 0.005 -21"><span class='ocrx_word' id='word_1_290' title='bbox 50 2136 166 2174; x_wconf 89' lang='lat' dir='ltr'>quum</span> <span class='ocrx_word' id='word_1_291' title='bbox 184 2124 326 2162; x_wconf 80' lang='lat' dir='ltr'>fortuna</span> <span class='ocrx_word' id='word_1_292' title='bbox 345 2130 381 2163; x_wconf 88' lang='lat' dir='ltr'>et</span> <span class='ocrx_word' id='word_1_293' title='bbox 399 2125 520 2176; x_wconf 87' lang='lat' dir='ltr'>gloria,</span> <span class='ocrx_word' id='word_1_294' title='bbox 540 2130 620 2164; x_wconf 85' lang='lat' dir='ltr'>turn</span> <span class='ocrx_word' id='word_1_295' title='bbox 641 2127 750 2165; x_wconf 85' lang='lat' dir='ltr'>etiam</span> <span class='ocrx_word' id='word_1_296' title='bbox 769 2131 897 2165; x_wconf 87' lang='lat' dir='ltr'>natura</span> <span class='ocrx_word' id='word_1_297' title='bbox 916 2132 953 2165; x_wconf 87' lang='lat' dir='ltr'>et</span> <span class='ocrx_word' id='word_1_298' title='bbox 971 2129 1131 2166; x_wconf 87' lang='lat' dir='ltr'>moribus</span> <span class='ocrx_word' id='word_1_299' title='bbox 1149 2129 1219 2166; x_wconf 86' lang='lat' dir='ltr'>tuis</span> <span class='ocrx_word' id='word_1_300' title='bbox 1235 2141 1243 2166; x_wconf 91' lang='lat'>:</span> <span class='ocrx_word' id='word_1_301' title='bbox 1264 2143 1307 2167; x_wconf 89' lang='lat' dir='ltr'>ex</span> <span class='ocrx_word' id='word_1_302' title='bbox 1326 2143 1399 2181; x_wconf 92' lang='lat' dir='ltr'>quo</span> 
     </span>
     <span class='ocr_line' id='line_1_33' title="bbox 49 2187 1400 2244; baseline 0.005 -20"><span class='ocrx_word' id='word_1_303' title='bbox 49 2187 199 2238; x_wconf 84' lang='lat' dir='ltr'>quidem</span> <span class='ocrx_word' id='word_1_304' title='bbox 218 2188 396 2226; x_wconf 86' lang='lat' dir='ltr'>maximus</span> <span class='ocrx_word' id='word_1_305' title='bbox 415 2193 470 2227; x_wconf 89' lang='lat' dir='ltr'>est</span> <span class='ocrx_word' id='word_1_306' title='bbox 485 2189 622 2228; x_wconf 86' lang='lat' dir='ltr'>fruetus</span> <span class='ocrx_word' id='word_1_307' title='bbox 636 2191 913 2242; x_wconf 67' lang='lat' dir='ltr'>jueiinditasque</span> <span class='ocrx_word' id='word_1_308' title='bbox 927 2192 1088 2242; x_wconf 81' lang='lat' dir='ltr'>sapienti.</span> <span class='ocrx_word' id='word_1_309' title='bbox 1140 2193 1268 2230; x_wconf 85' lang='lat' dir='ltr'>Cetera</span> <span class='ocrx_word' id='word_1_310' title='bbox 1282 2206 1400 2244; x_wconf 88' lang='lat' dir='ltr'>quum</span> 
     </span>
     <span class='ocr_line' id='line_1_34' title="bbox 50 2251 1399 2306; baseline 0.004 -18"><span class='ocrx_word' id='word_1_311' title='bbox 50 2254 113 2289; x_wconf 85' lang='lat' dir='ltr'>tua</span> <span class='ocrx_word' id='word_1_312' title='bbox 130 2251 376 2299; x_wconf 86' lang='lat' dir='ltr'>recordabere,</span> <span class='ocrx_word' id='word_1_313' title='bbox 395 2252 460 2290; x_wconf 81' lang='lat' dir='ltr'>etsi</span> <span class='ocrx_word' id='word_1_314' title='bbox 487 2267 647 2305; x_wconf 85' lang='lat' dir='ltr'>persaepe</span> <span class='ocrx_word' id='word_1_315' title='bbox 677 2254 703 2272; x_wconf 79' lang='lat'>¹³</span> <span class='ocrx_word' id='word_1_316' title='bbox 716 2255 845 2303; x_wconf 82' lang='lat' dir='ltr'>virtuti,</span> <span class='ocrx_word' id='word_1_317' title='bbox 865 2260 987 2293; x_wconf 88' lang='lat' dir='ltr'>tamen</span> <span class='ocrx_word' id='word_1_318' title='bbox 1013 2256 1224 2306; x_wconf 85' lang='lat' dir='ltr'>plerumque</span> <span class='ocrx_word' id='word_1_319' title='bbox 1243 2257 1399 2295; x_wconf 87' lang='lat' dir='ltr'>felicitati</span> 
     </span>
     <span class='ocr_line' id='line_1_35' title="bbox 52 2315 1398 2370; baseline 0.005 -18"><span class='ocrx_word' id='word_1_320' title='bbox 52 2320 123 2353; x_wconf 82' lang='lat' dir='ltr'>tuae</span> <span class='ocrx_word' id='word_1_321' title='bbox 136 2315 366 2366; x_wconf 83' lang='lat' dir='ltr'>gratulabere</span> <span class='ocrx_word' id='word_1_322' title='bbox 381 2328 390 2354; x_wconf 79' lang='lat' dir='ltr'>z</span> <span class='ocrx_word' id='word_1_323' title='bbox 418 2316 464 2355; x_wconf 88' lang='lat' dir='ltr'>de</span> <span class='ocrx_word' id='word_1_324' title='bbox 483 2317 595 2365; x_wconf 86' lang='lat' dir='ltr'>nobis,</span> <span class='ocrx_word' id='word_1_325' title='bbox 623 2331 712 2369; x_wconf 85' lang='lat' dir='ltr'>quos</span> <span class='ocrx_word' id='word_1_326' title='bbox 731 2319 768 2356; x_wconf 91' lang='lat' dir='ltr'>in</span> <span class='ocrx_word' id='word_1_327' title='bbox 785 2333 824 2356; x_wconf 88' lang='lat' dir='ltr'>re</span> <span class='ocrx_word' id='word_1_328' title='bbox 843 2319 988 2370; x_wconf 85' lang='lat' dir='ltr'>publica</span> <span class='ocrx_word' id='word_1_329' title='bbox 1017 2324 1137 2357; x_wconf 84' lang='lat' dir='ltr'>tecum</span> <span class='ocrx_word' id='word_1_330' title='bbox 1159 2319 1266 2357; x_wconf 85' lang='lat' dir='ltr'>simul</span> <span class='ocrx_word' id='word_1_331' title='bbox 1284 2320 1398 2359; x_wconf 83' lang='lat' dir='ltr'>salvos</span> 
     </span>
     <span class='ocr_line' id='line_1_36' title="bbox 50 2379 1398 2432; baseline 0.005 -15"><span class='ocrx_word' id='word_1_332' title='bbox 50 2391 126 2417; x_wconf 82' lang='lat' dir='ltr'>esse</span> <span class='ocrx_word' id='word_1_333' title='bbox 144 2379 293 2427; x_wconf 66' lang='lat' dir='ltr'>voluisti,</span> <span class='ocrx_word' id='word_1_334' title='bbox 313 2379 452 2430; x_wconf 89' lang='lat' dir='ltr'>quoties</span> <span class='ocrx_word' id='word_1_335' title='bbox 471 2381 653 2432; x_wconf 76' lang='lat' dir='ltr'>cogitabis,</span> <span class='ocrx_word' id='word_1_336' title='bbox 672 2383 778 2420; x_wconf 87' lang='lat' dir='ltr'>toties</span> <span class='ocrx_word' id='word_1_337' title='bbox 797 2383 844 2420; x_wconf 85' lang='lat' dir='ltr'>de</span> <span class='ocrx_word' id='word_1_338' title='bbox 863 2382 1028 2419; x_wconf 77' lang='lat' dir='ltr'>maximis</span> <span class='ocrx_word' id='word_1_339' title='bbox 1048 2382 1117 2419; x_wconf 85' lang='lat' dir='ltr'>tuis</span> <span class='ocrx_word' id='word_1_340' title='bbox 1136 2383 1326 2432; x_wconf 82' lang='lat' dir='ltr'>beneficiis,</span> <span class='ocrx_word' id='word_1_341' title='bbox 1346 2389 1398 2424; x_wconf 76' lang='lat' dir='ltr'>to-</span> 
     </span>
    </p>
   </div>
  </div>
 </body>
</html>
