1571 2651
88 84 163 118 114
438 91 575 117 ORATIO
603 92 676 117 PRO
704 92 733 117 T.
761 92 883 117 ANNIO
912 92 1067 117 MILONE..

84 195 236 241 sentiret,
256 195 320 232 sed
340 195 436 245 quod
457 207 525 244 ego
543 194 680 240 vellem,
701 194 900 231 decernere.
955 194 1067 238 ‘’Quae
1086 194 1234 244 quidem
1251 194 1280 230 si
1297 198 1419 244 poten-

86 258 135 294 tia
153 263 205 294 est
224 257 436 307 appellanda
465 257 589 306 potius,
610 270 721 306 quam
751 262 814 293 aut
843 262 986 306 propter
1005 270 1138 306 magna
1155 257 1191 292 11]
1211 270 1285 293 rem
1307 257 1420 306 publi-

85 332 166 356 cam
185 320 311 356 merita
330 319 515 356 mediocris
544 319 582 354 in
609 319 709 355 bonis
737 319 848 355 causis
877 319 1075 364 auctoritas,
1095 324 1158 355 aut
1184 324 1329 368 propter
1355 319 1420 355 hos

85 382 254 418 officiosos
272 381 409 418 labores
428 394 528 418 meos
553 381 721 417 nonnulla
740 381 837 430 apud
864 381 975 417 bonos
993 381 1116 430 gratia,
1144 381 1339 430 appelletur
1369 381 1420 417 ita

85 456 178 489 sane,
199 443 398 480 dummodo
425 455 468 479 ea
486 455 549 478 1105
569 447 714 478 utamur
741 455 805 492 pro
831 443 944 479 salute
964 443 1138 479 bonorum
1159 446 1282 480 contra
1300 456 1420 480 amen-

85 506 171 542 tiam
191 506 422 555 perditorum.
479 509 536 541 13.
564 505 576 521 ⁶
587 504 693 541 Hanc
708 518 789 542 vero
801 505 1042 554 quaestionem,
1055 505 1117 541 etsi
1136 518 1207 542 non
1225 511 1277 542 est
1291 506 1419 555 iniqua,

85 581 269 618 nunquam
284 573 403 604 tamen
425 572 566 604 senatus
581 567 865 604 constituendam
881 567 1027 616 putavit.
1081 567 1192 603 Erant
1203 567 1297 603 enim
1311 567 1419 616 leges,

86 635 186 667 erant
206 630 427 679 quaestiones,
448 629 501 666 vel
522 629 567 666 de
587 629 686 666 caede
707 629 760 666 vel
782 629 827 666 de
847 629 900 675 11;
929 642 995 665 nec
1014 634 1151 665 tantum
1173 642 1363 665 moerorem
1379 641 1420 664 ac

85 691 221 729 luctum
251 692 387 728 senatui
419 704 514 728 mors
544 691 585 728 P.
607 691 721 728 Clodii
741 692 920 737 afferebat,
940 697 979 727 ut
1008 704 1100 728 nova
1119 691 1268 741 quaestio
1298 691 1421 727 consti-

85 760 252 791 tueretur.
306 754 438 804 ⁷Cujus
459 755 554 791 enim
577 755 621 791 de
642 754 701 791 illo
720 755 853 791 incesto
872 760 994 804 stupro
1013 754 1187 804 judicium
1209 754 1420 791 decernendi

84 818 218 853 senatui
239 822 393 867 potestas
413 823 503 854 esset
523 823 664 867 erepta3
694 818 739 854 de
759 818 834 867 ejus
853 818 1005 863 interitu,
1026 818 1104 867 quis
1123 822 1237 867 potest
1264 817 1419 862 credere,

84 884 250 915 senatum
278 879 451 929 judicium
481 892 613 916 novum
647 880 936 916 constituendum
968 881 1133 929 putasse?
1188 879 1283 915 Ε0111·
1314 879 1421 928 igitur

84 941 287 978 incendium
317 943 433 988 curiae,
453 942 760 992 oppugnationem
789 943 923 979 aedium
950 942 999 979 M.
1019 942 1151 992 Lepidi,
1172 943 1308 979 caedem
1327 942 1421 978 hanc

83 1004 197 1054 ipsam
218 1011 339 1041 contra
361 1018 434 1041 rem
454 1005 634 1054 publicam
663 1011 805 1041 senatus
824 1005 956 1042 factam
977 1019 1050 1042 esse
1071 1005 1251 1042 decrerit?
1305 1005 1418 1048 ⁹Quia

85 1067 182 1103 nulla
201 1067 252 1102 vis
284 1080 445 1116 unquam
476 1072 529 1103 cst
558 1067 593 1103 in
622 1067 732 1104 libera
759 1068 897 1105 cixitatc
925 1074 1088 1118 suscepta
1114 1068 1204 1104 inter
1231 1068 1330 1114 cives,
1349 1080 1420 1104 non

85 1136 208 1166 contra
225 1143 300 1166 rem
321 1130 513 1179 publicam.
571 1134 627 1167 14.
655 1130 739 1167 Non
761 1131 854 1167 enim
875 1136 929 1167 est
947 1131 1005 1167 illa
1033 1131 1188 1168 defensio
1208 1141 1330 1167 contra
1348 1130 1419 1166 tim

84 1204 245 1241 unquam
264 1193 430 1241 optanda,
445 1193 507 1229 sed
528 1205 787 1242 nonnunquam
806 1198 860 1229 est
878 1193 1080 1229 necessaria.
1135 1193 1247 1229 ¹⁰Nisi
1262 1206 1344 1230 vero
1358 1197 1420 1233 aut

83 1254 139 1290 ille
160 1254 245 1299 dies,
266 1267 339 1303 quo
359 1254 408 1290 Ti.
429 1255 611 1291 Gracchus
631 1260 684 1291 est
703 1268 823 1301 caeSUS,
843 1260 904 1291 aut
923 1255 989 1301 ille,
1010 1268 1081 1305 quo
1101 1255 1217 1301 Caius,
1238 1260 1298 1292 aut
1319 1268 1420 1291 arma

84 1317 264 1353 Saturnini
290 1329 371 1361 non,
400 1317 537 1353 etiamsi
558 1330 577 1354 e
596 1330 634 1353 re
654 1317 799 1367 publica
827 1330 991 1367 oppressa
1017 1323 1108 1362 sunt,
1135 1331 1211 1355 rem
1238 1318 1420 1367 publicam
1458 1324 1461 1325 ’

83 1384 205 1416 tamen
225 1379 460 1417 vulnerarunt.

163 1442 226 1479 VI.
281 1443 289 1459 ¹
302 1443 427 1492 Itaque
448 1456 516 1492 ego
536 1443 609 1492 ipse
628 1443 778 1488 decrevi,
799 1456 914 1492 quum
938 1444 1076 1480 caedem
1095 1443 1131 1479 in
1150 1443 1271 1493 Appia
1289 1443 1419 1480 factam

84 1519 157 1544 esse
178 1511 362 1551 constaret,
382 1519 453 1543 non
474 1519 567 1551 eum,
587 1506 650 1556 qui
677 1519 714 1543 se
742 1506 964 1553 defendisset,
985 1512 1106 1544 contra
1132 1520 1209 1544 rem
1236 1507 1417 1557 publicam

82 1570 228 1614 fecisse;
255 1569 329 1615 sed,
358 1582 470 1619 quum
502 1569 655 1606 inessent
682 1569 720 1606 in
747 1582 784 1606 re
813 1569 863 1605 vis
895 1574 932 1606 ct
959 1569 1107 1616 insidiae,
1128 1570 1261 1607 crimen
1286 1570 1420 1619 judicio

84 1632 263 1677 reservam,
292 1644 368 1668 rem
400 1631 528 1668 notaw'.
583 1631 692 1675 Quod
720 1631 749 1668 si
781 1644 844 1681 per
879 1631 1070 1668 '‘'furiosum
1101 1632 1202 1668 illum
1235 1632 1418 1668 tribunum

82 1694 229 1738 senatui,
263 1693 360 1742 quod
397 1693 581 1738 sentiebat,
615 1693 784 1743 perficere
818 1694 979 1739 licuisset,
1015 1706 1146 1730 novam
1185 1694 1416 1743 quaestionem

82 1756 216 1792 nullam
236 1755 461 1792 haberemus.
515 1755 762 1792 ³Decernebat
790 1756 897 1801 enim,
916 1760 957 1791 ut
983 1756 1157 1792 veteribus
1175 1756 1323 1806 legibus,
1342 1761 1418 1792 tan-

81 1808 271 1855 tummodo
299 1823 399 1855 extra
426 1818 599 1864 ordinem,
620 1823 845 1867 quaereretur.
899 1819 911 1835 ⁴
926 1818 1049 1854 Dixisa
1067 1819 1241 1855 sententia
1260 1824 1322 1865 est,
1341 1833 1418 1869 pos-

82 1881 215 1918 tulante
244 1881 363 1918 nescio
383 1892 478 1930 quo,
506 1881 595 1916 nihil
625 1881 719 1917 enim
751 1893 893 1918 necesse
923 1885 975 1918 est
1004 1881 1165 1918 omnium
1195 1894 1256 1918 me
1285 1882 1418 1932 flagitia

83 1943 243 1993 proferre.
298 1943 354 1979 Sic
384 1942 542 1992 ⁵reliqua
561 1943 748 1979 auctoritas
766 1948 907 1979 senatus
926 1948 1048 1993 empta
1065 1943 1309 1981 intercessione
1334 1946 1418 1982 sub-

84 2006 153 2042 lata
173 2010 233 2042 est.
291 2009 348 2042 15.
377 2005 450 2042 ⁶At
469 2005 564 2042 enim
585 2005 649 2041 Cn.
668 2005 863 2054 Pompeius
891 2005 1074 2055 rogatione
1100 2018 1174 2052 sua,
1194 2010 1230 2043 et
1249 2007 1294 2043 de
1313 2019 1361 2052 re,
1382 2013 1417 2043 et

82 2069 126 2105 de
155 2081 262 2105 causa
283 2067 479 2117 judicavit3
509 2067 615 2104 ⁷tulit
641 2068 738 2104 enim
757 2068 803 2104 de
822 2068 931 2112 caede,
952 2081 1033 2118 quae
1054 2068 1091 2104 in
1109 2068 1230 2118 Appia
1247 2069 1304 2105 via
1321 2069 1417 2106 facta

81 2135 179 2176 esset,
198 2130 235 2166 111
253 2143 328 2179 qua
354 2130 396 2166 P.
416 2130 560 2167 Clodius
583 2130 715 2167 occisus
735 2135 836 2166 esset.
889 2130 988 2174 Quid
1008 2143 1092 2180 ergo
1111 2131 1219 2168 tulit?
1271 2130 1415 2181 Nempe

81 2191 142 2228 ⁸ut
173 2196 401 2241 quaereretur.
456 2191 552 2235 Quid
585 2205 687 2241 porro
719 2193 954 2241 quaerendum
986 2194 1061 2229 est?
1114 2193 1310 2230 Factumne
1349 2193 1414 2230 sit?

80 2255 154 2291 ⁹At
173 2259 318 2292 constat.
371 2255 407 2291 A
439 2256 537 2304 quo?
590 2255 641 2291 At
658 2259 768 2304 paret.
820 2255 922 2291 Vidit
948 2255 1065 2305 igitur,
1085 2256 1194 2292 etiam
1220 2256 1257 2292 in
1284 2255 1415 2293 confes-

80 2317 177 2354 sione
208 2316 301 2363 facti,
334 2317 420 2367 juris
452 2322 575 2361 tamen
607 2317 847 2355 defensionem
878 2318 1005 2368 suscipi
1041 2331 1153 2368 posse.
1206 2318 1314 2362 Quod
1350 2318 1415 2355 nisi
