1571 2651
443 115 579 140 ORATIO
610 115 681 140 PRO
709 116 739 139 T.
767 115 891 139 ANmo
921 115 1074 140 MILONE.
1354 106 1426 139 129

87 218 130 257 de
150 232 253 256 servo
271 218 485 256 accusatoris
513 230 630 268 quum
651 217 833 267 quaeritur,
854 230 980 254 verum
999 217 1144 253 inveniri
1174 218 1314 266 potest?
1370 222 1427 254 60.

87 283 196 332 ¹⁰Age
216 295 312 329 vero,
326 294 408 332 quae
429 285 515 327 orat,
530 285 592 317 aut
611 281 726 331 qualis
745 280 920 331 quaestio?
977 281 1001 297 ¹¹
1013 280 1117 317 Heus
1136 284 1186 326 tu,
1202 279 1318 325 Rufio,
1331 280 1428 316 verbi

85 358 202 392 causa,
222 357 307 382 cave
338 344 384 381 sis
416 344 602 381 mentiare.
656 343 802 381 Clodius
833 344 976 380 insidias
1006 344 1088 380 fecit
1118 343 1268 380 Miloni?
1323 344 1430 388 Fecit,

85 408 193 445 Certa
211 421 309 445 crux.
359 406 487 444 Nullas
506 406 598 444 fecit.
650 406 802 457 Sperata
820 406 975 444 libertas.
1025 406 1124 450 Quid
1142 406 1211 443 hac
1230 406 1428 456 quaestione

85 471 236 508 certius?
281 470 409 508 Subito
423 469 562 520 abrepti
581 470 618 506 in
633 470 869 520 quaestionem
888 474 1012 507 tamen
1030 475 1240 520 separantur
1260 483 1281 506 a
1296 470 1429 511 ceteris,

84 538 120 571 et
137 533 175 570 in
195 546 293 570 arcas
313 533 558 584 conjiciuntur,
578 546 623 570 ne
643 533 722 583 quis
745 546 829 570 cum
857 532 899 569 iis
927 533 1079 583 colloqui
1107 533 1224 583 possit.
1278 533 1329 569 Hi
1351 546 1430 569 cen-

83 601 164 633 tum
185 596 260 634 dies
284 609 393 646 penes
421 601 668 633 accusatorem
689 609 806 646 quum
826 596 981 643 fuissent,
1001 596 1047 633 ab
1068 609 1110 633 eo
1128 596 1205 646 ipso
1224 601 1429 633 accusatore

83 660 247 710 producti
265 663 358 696 sunt.
414 659 550 703 ¹²Quid
569 658 637 695 hac
657 659 855 709 quaestione
876 659 944 696 dici
975 664 1093 709 potest
1119 659 1313 709 integrius?
1342 659 1430 709 quid

82 721 320 771 incorruptius
333 722 344 758 2

161 785 305 822 XXHI.
361 787 420 821 61.
450 784 580 828 ¹Quod
608 783 637 820 si
663 784 828 821 nondum
860 784 943 820 satis
973 784 1122 832 cernitis,
1142 798 1258 835 quum
1280 799 1334 822 res
1354 785 1431 836 ipsa

82 854 134 887 tot
165 854 241 886 tam
274 848 373 885 claris
406 848 629 898 argumentis
658 847 841 898 signisque
872 847 1000 895 luceat,
1033 862 1123 898 pura
1159 854 1283 886 mente
1321 855 1429 899 atque

82 913 223 962 integra
241 911 421 958 Milonem,
442 910 541 948 nullo
568 910 698 948 scelere
725 911 925 957 imbutum,
944 911 1043 948 nullo
1063 916 1164 948 metu
1191 913 1429 962 perterritum,

83 975 181 1012 nulla
200 974 415 1012 conscientia
434 973 693 1020 exanimatum,
713 974 872 1011 Romam
892 975 1084 1020 revertisse,
1098 975 1347 1021 recordamini,
1368 989 1431 1026 per

83 1039 168 1076 deos
187 1037 427 1075 immortales!
457 1037 562 1087 ²quae
582 1037 688 1074 fuerit
713 1037 870 1074 celeritas
897 1038 1034 1074 reditus
1061 1038 1144 1087 ejus,
1164 1038 1227 1088 qui
1254 1038 1430 1088 ingressus

82 1101 118 1138 in
143 1101 270 1147 forum,
296 1101 445 1138 ardente
475 1100 582 1147 curia,
611 1113 691 1150 quae
722 1100 940 1149 magnitudo
969 1100 1091 1147 animi,
1120 1101 1181 1151 qui
1201 1101 1326 1148 vultus,
1347 1115 1428 1151 quae

83 1163 204 1201 oratio.
257 1162 390 1212 Neque
411 1175 494 1199 vero
513 1175 550 1199 se
570 1162 703 1212 populo
722 1162 849 1208 solum,
868 1163 933 1199 sed
952 1162 1062 1200 etiam
1082 1163 1221 1200 senatui
1242 1164 1430 1210 commisit,

83 1239 201 1276 neque
219 1225 358 1263 senatui
377 1225 498 1272 modo,
517 1225 581 1262 sed
601 1225 712 1262 etiam
732 1225 906 1275 ³publicis
930 1225 1101 1275 praesidiis
1122 1231 1157 1262 et
1176 1226 1291 1273 armis,
1311 1239 1429 1276 neque

81 1289 136 1326 his
163 1293 316 1335 tantum,
335 1301 463 1325 verum
492 1288 603 1325 etiam
634 1288 709 1339 ejus
738 1288 913 1338 potestati,
942 1289 1000 1325 cui
1030 1295 1174 1325 senatus
1204 1294 1320 1326 totam
1352 1303 1429 1326 rem

82 1352 277 1403 publicam,
310 1364 461 1389 omnem
493 1351 606 1388 Italiae
640 1352 790 1402 pubem,
823 1357 955 1389 cuncta
986 1352 1106 1403 populi
1140 1352 1296 1390 Romani
1328 1366 1431 1390 arma

83 1415 333 1462 commiserat3
362 1414 421 1452 cui
439 1427 630 1464 nunquam
658 1428 696 1451 se
723 1415 783 1452 hic
809 1415 968 1465 profecto
996 1415 1208 1463 tradidisset,
1228 1416 1292 1452 nisi
1314 1430 1429 1454 causae

82 1490 157 1514 suae
177 1477 380 1523 confideret,
401 1477 599 1527 praesertim
623 1477 746 1514 omnia
765 1477 934 1524 audienti,
955 1491 1090 1528 magna
1110 1479 1297 1526 metuenti,
1317 1480 1431 1516 multa

83 1540 286 1591 suspicanti,
306 1539 477 1577 nonnulla
496 1540 664 1577 credenti.
718 1540 854 1590 Magna
875 1540 925 1577 vis
946 1545 998 1577 est
1026 1541 1257 1588 conscientiae,
1280 1543 1430 1592 judiees,

84 1608 121 1641 et
139 1616 275 1654 magna
294 1602 353 1639 ⁴in
373 1607 566 1652 utramque
594 1607 744 1652 partem,
765 1607 808 1639 ut
826 1616 943 1653 neque
963 1603 1127 1650 timeant,
1148 1604 1211 1654 qui
1230 1605 1317 1641 nihil
1337 1619 1432 1642 com-

83 1666 254 1713 miserint,
275 1672 311 1703 et
337 1678 485 1717 poenam
508 1679 651 1716 semper
671 1670 752 1703 ante
773 1666 893 1703 oculos
912 1667 1039 1703 versari
1069 1672 1207 1717 putent,
1228 1668 1289 1718 qui
1309 1682 1432 1719 pecca-

82 1730 162 1767 rint.
217 1733 276 1766 62.
329 1728 461 1779 Neque
481 1742 572 1774 vero,
594 1729 689 1765 ‘'sine
715 1730 849 1766 ratione
877 1734 983 1776 certa,
1003 1743 1112 1767 causa
1131 1730 1271 1768 Milonis
1290 1745 1432 1782 semper

84 1805 106 1830 a
124 1796 252 1830 senatu
270 1791 420 1842 probata
438 1797 501 1829 est.
555 1791 740 1829 Videbant
758 1792 853 1829 enim
872 1793 1122 1843 sapientissimi
1141 1794 1307 1832 homines
1327 1795 1431 1833 ⁶facti

86 1855 272 1902 rationem,
304 1854 534 1906 praesentiam
567 1855 689 1901 animi,
719 1855 930 1892 defensionis
961 1857 1207 1894 constantiam.
1260 1858 1321 1895 An
1351 1872 1432 1896 vero

84 1917 183 1955 obliti
203 1917 296 1963 estis,
319 1916 469 1967 judices,
491 1917 646 1954 ⁷recenti
672 1917 731 1954 illo
753 1917 881 1954 nuntio
899 1918 995 1955 necis
1015 1918 1210 1966 Clodianae,
1230 1933 1302 1957 non
1322 1922 1432 1958 modo

84 1980 313 2016 inimicorum
331 1978 472 2017 Milonis
490 1993 673 2017 sermones
693 1984 729 2017 et
748 1980 939 2030 opiniones,
958 1982 1021 2018 sed
1049 1982 1301 2020 nonnullorum
1322 1983 1432 2020 etiam

85 2042 360 2092 imperitorum?
410 2041 446 2078 N
449 2043 606 2093 egabant
625 2056 711 2079 eum
732 2042 891 2080 Romam
911 2057 986 2081 esse
1006 2045 1217 2082 rediturum.
1266 2049 1324 2082 63.
1353 2046 1433 2082 Sive

86 2105 183 2142 enim
202 2105 290 2142 illud
312 2105 432 2142 animo
450 2105 541 2143 irato
561 2119 602 2143 ac
620 2107 756 2157 percito
775 2106 921 2153 fecisset,
937 2111 977 2144 ut
994 2107 1158 2145 incensus
1177 2109 1260 2146 odio
1280 2109 1434 2145 trucida-

85 2173 139 2205 ret
156 2167 356 2214 inimicum,
376 2168 651 2215 arbitrabantur,
671 2182 757 2205 eum
785 2169 875 2206 tanti
903 2175 1057 2207 mortem
1084 2170 1125 2207 P.
1146 2171 1261 2207 Clodii
1281 2177 1434 2221 putasse,

86 2235 127 2267 ut
154 2243 261 2280 aequo
291 2230 412 2267 animo
442 2231 556 2280 patria
577 2236 720 2278 careret,
741 2245 856 2282 quum
886 2232 1063 2282 sanguine
1096 2233 1229 2270 inimici
1261 2233 1436 2283 explesset

85 2292 210 2330 odium
231 2305 365 2339 suum,
393 2293 467 2330 sive
487 2293 596 2329 etiam
628 2294 719 2330 illius
753 2300 867 2331 morte
896 2295 1049 2344 patriam
1080 2295 1231 2332 liberare
1260 2295 1435 2343 voluisset,

87 2354 179 2393 ⁸non
199 2355 453 2393 dubitaturum
472 2355 600 2393 fortem
625 2357 748 2404 virum,
769 2357 868 2407 quin,
889 2371 1006 2407 quum
1027 2370 1092 2394 suo
1110 2358 1268 2408 periculo
1281 2358 1436 2397 salutem
