1571 2651
105 120 177 153 106
488 130 624 156 ORATIO
653 131 726 156 PRO
754 131 850 156 LEGE
878 130 1051 157 MANILIA.

102 231 294 280 dignitatis,
315 244 428 281 quum
449 245 581 278 omncs,
603 245 674 268 una
692 246 800 282 prope
819 246 914 279 voce,
933 233 970 269 in
989 233 1065 283 ipso
1083 246 1144 270 vos
1167 246 1269 284 spem
1295 233 1438 272 habitu-

101 306 155 329 ros
175 306 248 330 esse
269 294 413 330 dixistis.
465 294 608 331 Etenim
629 295 707 330 talis
726 301 779 331 est
798 295 855 341 vir,
874 301 912 331 ut
930 286 1027 331 nulla
1045 309 1100 332 res
1119 301 1218 332 tanta
1235 296 1280 333 sit
1299 309 1341 334 ac
1359 301 1436 334 tam

101 355 260 402 difficilis,
281 369 391 406 quam
423 356 479 393 ille
509 369 580 393 non
611 362 645 393 et
676 357 817 393 consilio
843 370 975 407 regere,
995 362 1031 395 et
1054 357 1258 408 integritate
1283 359 1381 405 tueri,
1401 363 1438 396 et

101 417 229 454 xirtute
249 418 419 454 conficere
439 419 554 467 possit.
608 419 680 455 Sed
709 419 767 454 3ἰιι
793 419 861 456 hoc
888 420 964 469 ipso
992 419 1037 456 ab
1060 433 1102 456 eo
1121 420 1436 458 vehementissime

100 479 275 525 dissentio,
296 481 402 529 quod,
423 493 494 529 quo
513 480 629 516 minus
652 486 749 517 certa
775 486 828 517 est
855 481 1042 517 hominum
1071 494 1113 518 ac
1131 483 1249 518 minus
1269 483 1436 519 diuturna

100 541 178 587 xitzi,
198 541 265 578 hoc
295 542 409 591 magis
438 555 493 578 res
522 542 675 592 publica,
697 543 784 578 dum
814 555 877 592 per
905 543 990 579 deos
1016 543 1233 580 immortales
1259 544 1350 591 licet,
1370 545 1434 581 frui

99 604 208 641 (lebet
234 605 366 640 summi
386 604 449 640 viri
468 605 541 640 vita
564 609 673 654 atque
694 604 947 641 virtute-60.
975 605 1041 641 ‘¹At
1060 605 1157 642 enim
1176 618 1220 642 ne
1241 606 1329 656 quid
1356 606 1438 643 novi

99 665 162 702 fiat
191 672 313 703 contra
344 666 510 716 exempla
537 671 645 716 atque
674 667 837 703 instituta
864 667 1193 717 majorum.——-Non
1222 668 1341 704 dicam
1370 668 1437 705 hoc

99 728 183 774 loco,
203 729 355 779 majores
374 735 510 766 nostros
529 742 671 779 semper
689 729 726 765 in
744 742 831 778 pace
851 730 1112 776 consuetudini,
1124 729 1161 766 in
1180 730 1274 767 bello
1293 730 1434 766 utilitati

100 790 301 839 ‘’paruisseg
330 801 474 840 semper
501 791 548 827 ad
575 804 683 828 novos
711 804 812 828 casus
839 796 1058 841 temporum,
1077 805 1252 828 novorum
1281 792 1438 828 consilio-

98 865 182 888 rum
218 853 371 890 rationes
403 854 717 900 accommodasse3
758 866 828 890 non
861 853 990 900 dicam,
1024 854 1046 891 (l
1054 867 1097 890 uo
1135 854 1229 891 bella
1264 854 1437 898 maxima.

97 914 280 951 Punicum
313 920 421 965 atque
450 915 697 965 Hispaniense,
726 916 773 952 ab
807 929 878 952 uno
910 916 1125 966 imperatore
1153 929 1227 953 effie
1258 917 1437 963 confecta3

98 977 260 1027 duasque
289 978 396 1015 urbes
417 979 688 1028 potentissimas,
709 986 791 1028 q'uae
820 979 904 1015 huic
930 979 1081 1029 imperio
1108 980 1269 1016 maxime
1296 979 1438 1016 minita-

97 1040 239 1087 bantur,
259 1040 517 1090 Carthaginem
546 1046 654 1091 atque
674 1041 928 1087 Numantiam,
946 1042 993 1078 ab
1018 1042 1147 1079 eodem
1174 1042 1337 1092 Scipione
1362 1055 1437 1079 esse

98 1102 250 1140 dclctas:
282 1116 353 1140 non
381 1104 684 1151 commemorabo,
709 1117 823 1154 nuper
851 1104 901 1140 ita
928 1104 1027 1141 vobis
1054 1104 1287 1154 patribusque
1315 1104 1437 1141 vestris

97 1178 171 1201 esse
190 1165 317 1211 visum,
337 1171 379 1202 ut
405 1166 442 1202 in
470 1179 543 1203 uno
562 1167 601 1203 C.
621 1167 734 1203 Mario
761 1179 840 1216 spes
867 1166 1010 1216 imperii
1039 1172 1240 1216 poneretur,
1269 1172 1310 1203 ut
1336 1167 1436 1203 idem

97 1240 182 1263 cuin
209 1227 403 1277 Jugui'tha,
431 1228 529 1265 idem
558 1241 643 1265 cum
670 1228 838 1274 Cimbris,
866 1229 964 1265 idem
993 1241 1077 1265 cum
1105 1229 1272 1266 Teutonis
1299 1229 1435 1266 bellum

97 1290 382 1328 administraret:
421 1295 479 1328 61.
512 1292 549 1327 in
576 1292 652 1341 ipso
678 1291 743 1328 Cn.
771 1291 955 1341 Pompeio,
987 1291 1023 1328 in
1054 1305 1126 1342 quo
1158 1292 1238 1329 now'
1269 1292 1436 1329 constitui

97 1353 183 1390 nihil
211 1353 288 1390 vult
315 1354 358 1397 Q.
379 1354 538 1400 Catulus,
559 1354 694 1404 “quam
722 1354 839 1390 multa
868 1354 937 1390 sint
965 1367 1058 1391 nova
1084 1367 1232 1390 summa
1256 1354 1298 1398 Q.
1318 1354 1437 1391 Catuli

97 1415 278 1453 voluntate
298 1416 499 1462 constituta,
518 1416 768 1453 recordamini.

175 1478 282 1514 XXI.
335 1478 433 1522 Quid
465 1483 541 1540 {iim
570 1491 714 1525 novum,
745 1491 855 1528 quam
890 1478 1228 1524 ¹adolescentulum,
1250 1478 1437 1528 privatum,

97 1540 292 1577 exercitum
313 1540 447 1577 difficili
478 1540 530 1577 rei
560 1541 712 1590 publicae
743 1545 903 1590 tempore
934 1541 1129 1578 conficere?
1158 1541 1326 1578 confecit:
1355 1541 1438 1578 huic

97 1603 272 1651 praeesse?
304 1601 467 1652 praefuit:
495 1615 572 1639 rem
597 1603 730 1652 optime
761 1603 872 1639 ductu
903 1615 968 1639 suo
997 1603 1144 1652 gerere?
1171 1603 1287 1652 gessit.
1341 1602 1438 1646 Quid

98 1670 173 1701 tam
207 1670 335 1714 praeter
365 1665 672 1712 consuetudinem,
706 1679 817 1716 quam
848 1665 986 1710 homini
1018 1665 1303 1714 peradolesccnti,
1336 1666 1437 1715 cujus

98 1732 184 1764 aetas
204 1728 249 1763 ²a
265 1728 439 1764 senatorio
458 1728 573 1777 gradu
603 1728 709 1778 longe
730 1729 877 1774 abesset,
896 1728 1089 1777 imperium
1109 1733 1218 1777 atque
1239 1728 1435 1765 exercitum

98 1789 184 1836 dari,
204 1790 358 1826 Siciliam
374 1791 540 1839 permitti,
555 1795 663 1840 atque
674 1790 844 1836 Africam,
859 1790 1068 1840 bellumque
1081 1790 1117 1826 in
1129 1803 1172 1827 ea
1191 1790 1437 1827 administran-

98 1853 188 1890 dum
201 1853 213 1889 ἓ
266 1852 347 1888 Fuit
360 1852 397 1888 in
410 1852 466 1888 his
479 1853 664 1902 provinciis
676 1852 847 1902 singulari
866 1852 1078 1898 innocentia,
1092 1852 1274 1901 granduna,
1290 1853 1436 1890 xirtute:

97 1914 234 1951 bellum
253 1914 290 1950 in
309 1914 429 1951 Africa
446 1914 649 1950 maximum
665 1914 822 1960 confecit,
837 1914 1005 1951 victorem
1022 1914 1213 1951 exercitum
1229 1915 1436 1964 deportavit.

99 1976 197 2020 Quid
215 1989 298 2014 vero
310 1981 387 2012 tam
406 1976 621 2022 inauditum,
637 1989 746 2026 quam
768 1976 951 2026 ³equitem
967 1976 1172 2013 Romanum
1193 1977 1436 2027 triumphare?

98 2044 136 2076 at
153 2039 165 2056 ⁴
176 2051 257 2076 eam
277 2052 419 2089 quoque
437 2052 513 2076 rem
532 2039 685 2089 populus
703 2039 887 2076 Romanus
906 2052 977 2076 non
1009 2040 1119 2077 modo
1138 2040 1235 2086 vidit,
1253 2040 1317 2077 sed
1337 2040 1436 2077 omni

99 2103 208 2140 etiam
226 2102 347 2139 studio
365 2102 551 2139 visendam
566 2107 603 2139 et
621 2102 938 2140 concelebrandam
958 2103 1106 2152 putavit.
1161 2106 1219 2140 62.
1247 2103 1345 2146 Quid
1358 2109 1435 2140 tam

99 2165 321 2211 inusitatum,
341 2178 453 2215 quam
481 2170 532 2212 ut,
553 2178 668 2215 quum
689 2165 762 2202 duo
790 2165 949 2202 consules
979 2166 1157 2202 clarissimi
1187 2166 1436 2217 fortissimique

100 2233 224 2274 essent,
240 2240 348 2278 eques
367 2227 552 2265 Romanus
566 2228 613 2265 ad
631 2228 765 2265 bellum
781 2229 980 2264 maximum
1000 2228 1435 2279 formidolosissimumque

100 2303 164 2340 pro
183 2291 325 2328 consule
345 2291 570 2329 mitteretur?
604 2291 732 2328 missus
752 2297 812 2329 est.
866 2292 948 2336 Quo
967 2293 1113 2342 quidem
1133 2298 1303 2343 tempore,
1323 2307 1435 2344 quum

101 2357 195 2390 esset
213 2353 305 2391 ⁵non
323 2367 433 2392 nemo
451 2354 489 2391 in
508 2359 642 2401 senatu,
664 2355 725 2405 qui
744 2355 886 2402 diceret,
905 2355 996 2391 Non
1015 2361 1172 2403 oportere
1198 2357 1298 2392 mitti
1325 2357 1436 2393 homi-
