1596 2643
504 114 640 140 omno
668 115 723 140 111.
750 114 793 140 IN
821 115 1037 141 CATILINAM.
1386 110 1431 143 31

101 229 176 254 esse
194 216 316 255 voluit.
367 216 445 254 Diis
471 229 541 267 ego
565 217 829 254 immortalibus
854 218 1005 255 ducibus
1026 217 1140 254 ⁸hanc
1158 223 1330 265 mentem,
1351 220 1434 263 Qui·

100 280 192 327 rites,
211 279 505 329 voluntatemque
533 280 680 329 suscepi,
700 284 808 330 atque
836 280 882 317 ad
909 280 988 317 haec
1014 285 1113 317 tanta
1131 280 1261 317 indicia
1279 283 1435 330 perveni.

101 342 199 378 ⁹Jam
220 355 302 379 vero
320 342 380 378 illa
397 341 638 392 Allobrogum
665 342 872 388 sollicitatio,
891 343 942 379 sic
961 356 983 379 a
1001 343 1042 379 P.
1062 342 1215 379 Lentulo
1240 344 1434 393 ceterisque

100 404 302 442 domesticis
328 404 499 451 hostibus,
519 410 595 441 tam
614 405 809 452 dementer,
829 410 928 442 tanta
952 419 1016 452 res,
1037 406 1173 443 credita
1199 411 1235 443 et
1253 407 1383 456 ignotis
1401 412 1436 444 et

99 467 268 514 barbaris,
280 467 554 518 commissaeque
573 467 682 504 literae
702 481 890 518 nunquam
905 473 1021 505 essent
1038 469 1203 519 profecto,
1219 469 1280 506 nisi
1302 470 1349 507 ab
1369 470 1436 507 diis

98 529 359 567 immortalibus
376 529 463 566 huic
482 534 591 566 tantae
612 530 772 567 audaeiae
788 531 972 568 consilium
993 535 1082 568 esset
1096 536 1271 581 ereptum.
1302 533 1327 549 ¹⁰
1339 532 1435 575 Quid

98 593 206 630 vero?
238 597 278 629 ut
302 592 464 629 homines
485 592 586 639 Galli,
607 606 650 629 ex
680 593 821 630 civitate
855 593 949 630 male
979 598 1114 643 pacata,
1134 607 1215 644 quac
1246 607 1334 644 gens
1365 608 1436 631 una

97 660 215 702 restat,
236 668 317 705 quae
348 655 485 692 bellum
514 656 646 706 populo
675 656 841 693 Romano
871 657 984 693 facere
1015 662 1052 693 et
1070 670 1170 706 posse
1191 663 1227 694 et
1246 671 1315 694 non
1344 658 1435 695 nolle

97 719 271 765 videatur,
303 731 405 768 spem
442 718 581 768 imperii
620 731 662 755 ac
694 732 816 756 rerum
855 719 1157 769 amplissimarum
1190 720 1283 758 ultro
1314 721 1381 758 sibi
1415 734 1436 757 a

96 781 249 831 patriciis
275 781 482 818 hominibus
504 781 663 818 oblatam
682 782 919 831 negligerent,
939 788 1170 833 vestramque
1190 783 1343 820 salutem
1363 784 1436 820 suis

95 844 223 894 opibus
243 848 517 894 anteponerent3
531 844 570 881 id
589 857 660 881 non
675 845 842 881 divinitus
856 845 992 882 factum
1007 859 1081 883 esse
1096 847 1250 896 putatis?
1304 848 1328 864 ¹¹
1339 848 1436 884 Prae-

94 906 216 943 sertim
236 906 298 957 qui
317 919 380 943 nos
399 919 470 943 non
489 907 695 956 pugnando,
714 907 777 944 sed
796 908 949 945 tacendo
968 921 1134 958 superare
1154 914 1359 958 potuerunt.

174 969 223 1005 X.
278 972 336 1006 23.
365 968 620 1015 Quamobrem,
640 969 802 1016 Quirites,
823 970 990 1020 quoniam
1015 971 1082 1008 ¹ad
1100 971 1221 1008 omnia
1241 972 1435 1021 pulvinaria

94 1031 301 1082 supplicatio
331 1031 474 1068 decreta
503 1035 564 1078 est,
590 1031 802 1069 celebratote
830 1032 905 1069 illos
935 1033 1009 1069 dies
1040 1046 1122 1069 cum
1152 1034 1361 1084 conjugibus
1394 1048 1435 1072 ac

93 1093 210 1130 liberis
232 1093 361 1130 vestris.
413 1093 512 1130 Nam
542 1093 645 1130 multi
673 1107 768 1144 saepe
799 1094 948 1131 honores
976 1095 1041 1132 diis
1067 1096 1325 1134 immortalibus
1351 1097 1434 1147 justi

92 1155 207 1193 habiti
225 1159 308 1192 sunt
327 1168 369 1192 ac
388 1155 508 1202 debiti,
523 1156 588 1193 sed
606 1156 762 1205 prefecto
777 1157 939 1206 justiores
959 1170 1154 1207 nunquam.
1204 1159 1324 1209 Erepti
1339 1160 1435 1196 enim

93 1218 174 1255 estis
206 1231 250 1255 ex
281 1218 522 1255 crudelissimo
554 1231 595 1255 ac
622 1219 818 1256 miserrimo
844 1219 996 1266 interitu,
1022 1225 1058 1256 et
1085 1220 1196 1270 erepti
1223 1221 1298 1257 sine
1326 1222 1434 1268 caede,

92 1281 166 1318 sine
198 1281 379 1331 sanguine,
409 1281 483 1318 sine
513 1282 678 1328 exercitu,
710 1282 784 1319 sine
821 1283 951 1319 dimica
967 1283 1065 1330 ione,
1104 1283 1248 1334 2togati,
1276 1297 1335 1321 me
1363 1298 1435 1322 uno

92 1348 216 1394 togato
253 1344 344 1381 duce
386 1348 424 1381 et
462 1344 684 1394 imperatore,
717 1345 853 1382 vicistis.
923 1349 981 1382 24.
1047 1347 1156 1383 tenim
1190 1348 1434 1394 recordamini,

93 1406 256 1452 Quirites,
275 1419 399 1443 omnes
425 1405 541 1443 civiles
564 1406 804 1453 dissensiones,
832 1420 903 1445 non
928 1408 1041 1444 solum
1068 1421 1135 1455 eaS,
1161 1422 1249 1458 quas
1279 1410 1434 1457 audistis,

92 1469 156 1505 scd
178 1481 246 1514 eas,
273 1480 363 1518 quas
388 1472 526 1505 vosmet
546 1468 612 1518 ipsi
636 1469 844 1506 meministis
870 1475 979 1520 atque
1008 1471 1158 1508 vidistis:
1187 1471 1247 1508 ³L.
1268 1472 1367 1509 Sulla
1392 1473 1434 1510 P.

94 1530 292 1581 Sulpicium
322 1530 510 1580 oppressit:
540 1543 582 1567 ex
610 1531 699 1568 urbe
728 1531 831 1581 ejecit
859 1532 898 1569 C.
924 1533 1088 1579 Marium,
1115 1534 1302 1571 custodem
1329 1534 1434 1585 hujus

94 1592 199 1640 urbis,
218 1591 423 1642 multosque
442 1591 546 1629 fortes
566 1592 654 1629 viros
681 1594 809 1642 partim
830 1594 930 1644 ejecit
956 1607 999 1631 ex
1027 1595 1174 1642 civitate,
1194 1596 1322 1645 partim
1348 1597 1435 1635 inte-

92 1655 206 1693 remit.
260 1654 348 1692 ⁴Cn.
378 1654 555 1701 Octavius,
588 1656 719 1703 consul,
752 1657 857 1693 armis
890 1658 1025 1707 expulit
1057 1671 1100 1695 ex
1136 1660 1226 1696 urbe
1260 1659 1434 1710 collegam

92 1730 200 1755 suum
213 1730 226 1765 3.
261 1716 397 1755 ε’01111113
428 1716 488 1755 hic
514 1717 612 1754 locus
645 1719 776 1755 acervis
809 1732 997 1769 corporum
1029 1725 1065 1757 et
1097 1721 1226 1757 civium
1263 1723 1434 1772 sanguine

94 1779 337 1818 ‘redundavit
404 1779 591 1829 Superavit
622 1785 746 1830 postea
774 1781 888 1818 Cinna
921 1795 1004 1819 cum
1033 1782 1155 1820 Mario.
1221 1784 1314 1820 Tum
1342 1798 1434 1832 vero,

93 1842 292 1881 clarissimis
312 1842 393 1879 viris
414 1842 613 1890 interfectis,
634 1843 771 1880 lumina
789 1844 939 1881 civitatis
958 1845 1131 1882 exstincta
1157 1851 1248 1883 sunt.
1303 1848 1314 1865 ⁷
1326 1848 1434 1885 Ultus

93 1911 146 1944 est
163 1905 269 1957 hujus
287 1905 442 1943 victoriae
463 1906 712 1944 crudelitatem
737 1912 859 1957 postea
879 1908 996 1955 Sulla;
1023 1921 1068 1946 ne
1088 1909 1158 1946 dici
1178 1910 1325 1959 quidem
1346 1924 1434 1960 opus

94 1972 155 2015 est,
175 1971 311 2018 quanta
337 1967 582 2005 deminutione
609 1968 752 2016 civium,
774 1973 810 2006 et
829 1974 964 2020 quanta
983 1970 1183 2008 calamitate
1202 1972 1250 2008 rei
1270 1972 1433 2022 publicare.

93 2030 265 2068 Dissensit
292 2029 363 2068 ³M.
382 2030 540 2081 Lepidus
569 2044 591 2068 a
621 2031 814 2070 clarissimo
844 2045 885 2070 ac
915 2033 1104 2071 fortissimo
1130 2034 1213 2081 viro,
1234 2035 1276 2078 Q.
1297 2035 1433 2072 Catulo.

92 2093 227 2131 Attulit
244 2106 316 2131 non
334 2098 411 2130 tam
434 2093 544 2144 ipsius
569 2094 732 2132 interitus
757 2095 808 2132 rei
827 2096 981 2146 publicae
1002 2096 1152 2143 luctum,
1174 2110 1285 2147 quam
1305 2102 1434 2134 cetero-

92 2159 301 2204 rum.v25.
329 2156 466 2206 ”Atque
485 2156 553 2194 illae
573 2161 841 2205 tamenlomnes
861 2159 1094 2196 dissensiones
1121 2164 1221 2196 erant
1248 2149 1433 2208 ejusmodi,

93 2218 258 2265 Quirites,
291 2231 374 2268 quae
406 2231 478 2256 non
514 2220 563 2257 ad
595 2220 799 2268 delendam,
832 2221 896 2258 sed
934 2222 982 2259 ad
1020 2222 1318 2259 conmmtanclam
1355 2236 1433 2260 rem

92 2281 277 2332 publicam
309 2280 544 2331 pertinerent3
584 2295 655 2320 non
686 2283 736 2320 illi
768 2284 905 2320 nullam
938 2297 1012 2321 esse
1045 2298 1119 2321 rem
1149 2284 1341 2333 publicam,
1369 2286 1434 2324 sed

93 2344 131 2382 in
161 2356 214 2391 ea,
247 2356 330 2394 quae
368 2348 468 2391 esset,
501 2357 538 2382 se
569 2357 644 2382 esse
674 2345 871 2396 principes3
904 2359 1023 2397 neque
1059 2346 1152 2385 hanc
1189 2347 1317 2385 urbem
1353 2361 1434 2386 con-
