1596 2643
534 161 670 186 ORATIO
700 161 723 186 1.
752 161 792 184 IN
823 159 1040 185 CATILINAM.
1410 156 1454 189 11

111 261 188 300 licae
207 268 344 314 pestem
363 263 553 314 paullisper
571 263 723 313 reprimi,
745 277 815 300 non
833 263 870 299 in
889 268 1106 313 perpetuum
1135 265 1320 315 comprimi
1348 279 1458 316 posse.

114 326 260 370 11Quod
285 326 314 362 si
341 339 378 363 se
406 326 554 376 ejecerit,
573 339 770 376 secumque
797 339 880 363 suos
908 326 1079 374 eduxerit,
1105 331 1141 364 et
1168 328 1297 364 eodem
1326 332 1458 365 ceteros

111 388 272 438 undique
291 388 455 426 collectos
473 388 664 438 naufragos
693 388 950 439 aggregaverit,
969 389 1215 439 exstinguetur
1235 394 1344 440 atque
1365 387 1457 427 dele·-

111 451 209 488 bitur
227 464 299 488 non
317 452 427 489 modo
447 451 563 489 12haec
582 456 658 488 tam
686 451 809 489 adulta
826 451 876 489 rei
894 452 1048 502 publicae
1068 452 1185 503 pestis,
1205 465 1330 490 verum
1350 452 1456 489 etiam

111 514 212 564 stirps
232 527 275 551 ac
292 527 416 551 semen
434 514 612 552 malorum
632 515 807 553 omnium.

190 577 294 614 ΧΙΠ.
349 581 408 614 31.
437 578 602 615 ¹Etenim
624 577 775 628 jamdiu,
795 578 920 615 Patres
940 578 1134 629 conscn'pti,
1153 579 1191 615 in
1214 578 1269 615 his
1296 577 1458 628 peliculis

111 640 357 690 conjurationis
383 640 588 690 insidiisque
616 654 814 689 versamur3
827 642 891 678 sed
918 641 1036 678 nescio
1063 654 1136 691 quo
1159 646 1268 691 ›pacto
1296 640 1456 678 omnium

111 702 285 739 scelerum
305 715 347 739 ac
365 703 491 739 veteris
509 703 633 740 furoris
653 707 689 740 et
708 704 870 741 audaciae
900 703 1087 740 maturitas
1113 704 1151 740 in
1172 704 1279 740 nostri
1300 703 1459 741 consula-

111 768 168 801 tus
188 769 330 815 tempus
349 765 473 815 erupit.
534 765 643 809 Quod
661 765 689 802 si
709 779 752 803 ex
771 765 894 802 ²tanto
912 765 1091 802 latrocinio
1110 766 1174 803 iste
1194 779 1287 802 unus
1307 766 1458 811 tolletur,

111 827 314 864 videbimur
330 827 474 864 fortasse
503 827 551 865 ad
577 828 685 865 breve
713 828 899 878 quoddam
926 832 1070 878 tempus
1098 841 1184 865 cura
1209 833 1245 865 et
1263 833 1363 864 metu
1384 841 1458 864 esse

111 888 276 926 relevati:
308 889 509 939 periculum
537 893 659 926 autem
686 890 865 937 residebit,
882 894 918 926 et
945 890 1010 926 erit
1036 890 1213 927 inclusum
1240 890 1380 940 penitus
1401 890 1459 926 ³in

112 951 209 988 venis
242 955 351 1002 atque
382 952 420 988 in
449 952 640 989 visceribus
672 953 721 989 rei
753 952 919 1003 publicae.
972 952 1026 989 Ut
1055 965 1150 1003 saepe
1180 953 1343 990 homines
1374 952 1459 1002 {egri

111 1014 239 1051 morbo
264 1014 374 1064 gravi⁷
403 1026 519 1065 quum
547 1014 659 1051 ‘aestu
686 1015 849 1065 febrique
872 1014 1061 1065 jactantur,
1083 1015 1112 1051 si
1140 1028 1274 1065 aquam
1301 1015 1460 1065 gelidam

112 1076 276 1124 biberint,
296 1077 412 1127 primo
438 1076 584 1114 relevari
612 1077 785 1124 videntur,
806 1077 936 1115 deinde
964 1077 1080 1114 multo
1106 1078 1248 1128 gravius
1270 1077 1461 1114 vehemen-

112 1138 254 1189 tiusque
283 1139 572 1187 afflictantm·;sic
590 1139 649 1176 hic
668 1141 824 1186 morbus,
844 1139 906 1190 qui
921 1144 978 1176 est
1004 1140 1041 1176 in
1060 1154 1096 1177 re
1116 1140 1269 1190 publica,
1288 1140 1461 1177 relevatus

114 1201 234 1238 ‘istius
260 1214 377 1252 poena,
397 1201 642 1238 vehementius
676 1202 760 1238 vivis
788 1202 929 1251 reliquis
955 1202 1186 1252 ingravescet.
1255 1206 1313 1239 32.
1342 1202 1460 1246 Quare

112 1263 282 1301 secedant
299 1263 463 1314 improbi,
482 1268 668 1301 secernant
686 1277 723 1301 se
745 1277 766 1301 a
784 1263 896 1311 bonis,
916 1277 1031 1300 unum
1050 1264 1085 1300 in
1104 1264 1225 1302 locum
1246 1277 1462 1315 congregen-

112 1329 180 1372 tur,
202 1339 307 1364 muro
334 1326 500 1376 denique,
522 1326 561 1363 id
588 1327 687 1376 quod
714 1339 810 1377 saepe
832 1327 910 1377 jam
938 1326 1020 1373 dixi,
1048 1332 1275 1364 secernantur
1302 1340 1324 1363 a
1350 1326 1462 1373 nobis,

113 1388 277 1426 desinant
302 1389 456 1427 insidiari
476 1389 575 1426 domi
601 1402 675 1426 suae
697 1389 840 1436 consuli,
861 1389 1111 1426 ⁶circumstare
1130 1389 1287 1427 tribunal
1305 1388 1462 1439 praetoris

113 1451 252 1498 urbani,
271 1451 433 1489 obsidere
452 1463 537 1488 cum
563 1451 690 1501 gladiis
711 1451 854 1497 curiam,
875 1451 1056 1488 malleolos
1075 1456 1112 1488 et
1129 1451 1225 1488 faces
1253 1452 1300 1488 ad
1326 1451 1463 1488 inflam-

114 1514 288 1551 mandam
307 1513 436 1550 urbem
456 1526 679 1564 comparare3
706 1514 751 1550 sit
770 1514 924 1563 denique
943 1513 1152 1563 inscriptum
1170 1514 1208 1549 in
1225 1513 1339 1550 fronte
1358 1513 1463 1549 unius

115 1576 296 1627 cujusque,
317 1576 427 1626 ⁷quid
447 1576 493 1613 de
511 1588 549 1612 re
568 1575 713 1626 publica
740 1575 877 1612 sentiat.
930 1575 1104 1612 Polliceor
1122 1575 1222 1612 vobis
1239 1575 1319 1622 hoc,
1338 1576 1463 1612 Patres

115 1638 309 1688 conscripti,
328 1642 468 1674 tantam
493 1637 531 1674 in
558 1637 660 1675 nobis
689 1637 890 1674 consulibus
917 1637 990 1674 fore
1019 1637 1251 1687 diligentiam,
1269 1641 1409 1674 tantam
1427 1637 1464 1674 in

115 1700 215 1738 vobis
234 1700 493 1747 auctoritatem,
512 1703 651 1736 tantam
679 1699 717 1736 in
741 1699 920 1749 equitibus
939 1699 1110 1737 Romanis
1129 1700 1305 1746 virtutem,
1324 1704 1465 1737 tantam

114 1763 152 1799 in
179 1762 347 1800 omnibus
373 1762 476 1801 bonis
503 1761 779 1808 consensionem,
812 1765 854 1798 ut
881 1761 1042 1798 Catilinae
1081 1761 1294 1812 profectione
1324 1761 1466 1799 ⁸omnia

115 1825 302 1876 patefacta,
311 1825 493 1872 illustrata,
513 1837 689 1875 oppressa,
698 1824 878 1862 vindicata
897 1837 971 1862 esse
991 1825 1149 1862 videatis

197 1892 257 1926 33.
285 1887 417 1925 ⁹Hisce
431 1887 621 1936 ominibus,
633 1887 796 1934 Catilina,
816 1900 900 1924 cum
927 1900 1071 1924 summa
1097 1888 1146 1925 rei
1167 1887 1322 1938 publicae
1342 1887 1466 1934 salute,

117 1954 154 1988 et
171 1963 255 1988 cum
273 1954 338 1988 tua
355 1954 455 2001 peste
483 1963 526 1988 ac
551 1950 714 2001 pernicie,
734 1963 892 2000 cumque
920 1963 1044 1987 eorum
1071 1950 1184 1997 exitio,
1205 1950 1269 2001 qui
1287 1964 1324 1987 se
1343 1955 1466 1987 tecum

117 2012 215 2049 omni
254 2012 384 2050 scelere
423 2012 681 2063 parricidioque
722 2013 927 2063 junxerunt,
968 2012 1186 2063 proficiscere
1228 2013 1276 2050 ad
1315 2012 1466 2061 impium

119 2074 256 2119 bellum
283 2088 325 2113 ac
349 2075 533 2112 nefarium.
588 2075 717 2112 ¹⁰Tum
745 2079 796 2122 tu,
815 2075 964 2125 Jupiter,
985 2075 1046 2125 qui
1073 2075 1209 2121 iisdem,
1230 2075 1360 2124 quibus
1388 2074 1467 2112 haec

119 2138 214 2183 urbs,
243 2137 404 2187 auspiciis
431 2150 454 2174 a
480 2137 636 2175 Romulo
663 2150 701 2175 es
729 2138 950 2183 constitutus,
979 2150 1089 2187 quem
1119 2138 1333 2174 ¹¹Statorem
1361 2136 1468 2186 hujus

120 2199 217 2237 urbis
245 2204 355 2249 atque
381 2200 519 2250 imperii
547 2213 628 2238 vere
655 2200 893 2247 nominamus,
913 2200 1011 2237 hunc
1038 2204 1074 2237 et
1100 2199 1205 2249 hujus
1229 2199 1339 2236 socios
1359 2211 1380 2236 a
1398 2199 1469 2236 tuis

121 2263 188 2300 aris
207 2262 402 2312 ceterisque
421 2263 572 2313 templis,
593 2275 615 2300 a
641 2263 744 2300 tectis
770 2263 867 2300 urbis
896 2275 938 2300 ac
966 2262 1157 2307 moenibus,
1178 2274 1200 2297 a
1219 2261 1291 2298 vita
1308 2261 1469 2299 fortunis-

121 2337 191 2376 que
211 2325 341 2370 civium
360 2324 520 2362 omnium
541 2325 676 2362 arcebis
693 2337 701 2363 ε
730 2329 767 2362 et
784 2325 947 2363 homines
966 2325 1143 2361 bonorum
1162 2323 1332 2370 inimicos,
1351 2323 1468 2361 hostes

121 2388 255 2439 patriae,
275 2387 428 2424 latrones
446 2386 569 2434 Italiae,
587 2387 762 2425 scelerum
781 2388 914 2425 foedere
937 2386 1063 2424 ¹2inter
1080 2398 1117 2423 se
1138 2398 1181 2423 ac
1204 2385 1337 2424 nefaria
1363 2386 1470 2425 socie-

125 2457 197 2490 tate
217 2449 580 2502 conj1mctos,aeternis
598 2450 774 2501 suppliciis
794 2450 889 2488 vivos
908 2453 1138 2500 mortuosque
1156 2449 1341 2487 mactabis.
