1571 2651
457 143 594 169 ORATIO
624 142 696 167 PRO
725 143 754 166 T.
782 141 904 166 ANmo
934 141 1090 165 MILONE.
1370 134 1442 166 143

102 246 234 294 Nolite,
247 247 394 284 obsecro
407 259 477 292 VOS,
492 245 710 282 acerbiorem
729 244 821 281 mihi
840 244 914 294 pati
933 243 1089 281 reditum
1110 256 1197 290 esse,
1212 256 1321 293 quam
1338 244 1444 280 fuerit

102 310 159 347 ille
179 310 254 360 ipse
274 310 456 347 discessus.
508 308 608 345 Nam
637 308 700 358 qui
727 320 874 357 possum
893 312 1019 357 putare
1047 319 1108 344 me
1135 306 1338 343 restitutum
1359 319 1444 353 esse,

102 372 130 408 si
151 371 325 409 distrahar
344 372 390 408 ab
410 371 460 418 iis,
479 383 542 420 per
561 383 651 420 quos
670 370 854 406 restitutus
872 382 950 405 sum
968 370 980 406 Β

181 433 401 470 XXXVIII.
470 434 477 450 ¹
495 433 645 470 Utinam
679 432 727 469 dii
761 431 978 468 immortales
1010 431 1174 468 fecissent
1212 430 1240 482 (²
1254 444 1340 481 pace
1373 436 1444 478 tua,

102 497 227 548 patria,
248 497 420 543 dixerim,
447 501 572 533 metuo
591 495 698 541 enim,
718 508 763 531 ne
791 495 959 531 scelerate
989 495 1108 532 dicam
1135 494 1171 531 in
1191 499 1236 541 te,
1257 494 1355 544 quod
1382 507 1444 544 pro

102 559 233 596 Milone
254 559 374 596 dicam
393 557 478 609 pie),
499 559 635 594 utinam
651 558 692 594 P.
707 557 852 594 Clodius
872 570 943 594 non
961 557 1071 594 modo
1090 557 1231 603 viveret,
1250 557 1315 593 sed
1335 557 1443 593 etiam

102 629 242 673 praetor,
261 622 393 668 consul,
414 622 565 659 dictator
593 625 683 658 esset
710 620 837 671 potiuS,
857 633 968 670 quam
994 620 1063 657 hoc
1087 620 1329 670 spectaculum
1351 620 1444 657 vide-

103 685 199 722 rem!
257 688 341 721 104.
369 684 402 721 O
416 684 466 721 dii
484 683 722 720 immortales!
752 682 909 728 ³f01ssem‚
930 687 966 719 et
985 695 1006 718 a
1026 682 1135 728 vobis,
1149 682 1298 732 judiceS,
1310 695 1444 719 conscr-

103 748 262 784 vandum
284 746 424 783 virum!
478 746 519 766 ⁴“
534 745 693 792 Minime,
713 744 872 790 minime,
892 744 1019 795 inquit.
1072 744 1193 781 Immo
1220 757 1303 782 vero
1321 757 1444 794 poenas

102 810 160 846 ille
180 809 318 846 debitas
337 808 461 856 luerit3
488 821 552 846 nos
579 807 785 853 subeamus,
804 807 832 843 si
860 807 910 843 ita
937 819 1079 844 necesse
1100 811 1163 854 est,
1183 820 1254 844 non
1274 807 1443 844 debitas.⁷’

103 871 255 909 Hiccine
275 872 328 908 vir
348 872 492 922 “pati-iae
517 876 631 918 natus,
650 883 805 921 usquam
824 870 889 906 nisi
910 870 947 906 in
974 870 1089 920 patria
1115 870 1296 917 morietur,
1317 875 1389 917 aut,
1417 870 1444 907 si

102 934 199 981 forte,
213 947 277 984 pro
290 934 430 984 patria?
457 933 565 984 hujus
585 946 646 970 vos
666 933 798 969 “animi
812 937 1051 970 monumenta
1070 933 1276 980 retinebitis,
1292 932 1444 983 corporis

102 996 138 1032 in
160 996 264 1033 Italia
289 996 432 1032 nullum
460 995 666 1046 sepulcrum
694 1008 768 1032 esse
795 995 1009 1045 patiemini?
1036 995 1132 1032 hunc
1159 1008 1223 1032 sua
1250 995 1443 1046 quisquam

101 1058 275 1095 sententia
303 1071 346 1095 ex
372 1058 441 1095 hac
460 1058 548 1095 urbe
575 1058 736 1108 expellet,
757 1058 888 1107 ⁷quem
916 1071 1041 1095 omnes
1070 1057 1176 1095 urbes
1204 1057 1394 1108 expulsum
1423 1070 1445 1094 a

103 1120 204 1158 vobis
223 1121 271 1158 ad
289 1133 326 1158 se
346 1121 552 1158 vocabunt?
610 1124 694 1158 105.
723 1120 755 1157 O
783 1124 914 1157 terram
942 1119 1041 1157 illam
1069 1120 1227 1167 beatam,
1247 1132 1328 1170 quae
1348 1120 1444 1157 hunc

102 1183 219 1220 virum
234 1183 433 1233 excepem't3
461 1182 555 1220 hanc
575 1182 763 1232 ingratam,
782 1182 809 1218 si
839 1182 990 1232 ejecerit,
1009 1182 1187 1230 miseram,
1206 1182 1235 1219 si
1264 1182 1444 1219 amiserit!

101 1245 176 1284 Sed
193 1246 271 1282 finis
289 1245 345 1283 sit.
397 1245 526 1296 Neque
547 1246 642 1282 enim
661 1258 734 1296 prae
763 1245 917 1282 lacrimis
944 1246 1021 1296 jam
1040 1245 1139 1296 loqui
1159 1259 1313 1296 possum,
1332 1250 1368 1282 et
1386 1245 1444 1282 hio

100 1322 138 1347 se
165 1309 322 1347 lacrimis
349 1308 493 1347 defendi
522 1313 628 1346 vetat.
682 1308 756 1346 Vos
783 1321 846 1345 oro
872 1309 1113 1359 obtestorque,
1137 1309 1284 1359 judices,
1315 1308 1379 1345 ⁸ut
1407 1309 1445 1346 in

100 1372 284 1410 sententiis
302 1372 466 1419 ferendis,
485 1372 585 1422 quod
611 1371 778 1419 sentietis,
798 1372 835 1409 id
855 1372 1025 1409 audeatis.
1078 1372 1247 1409 Vestram
1266 1372 1444 1418 virtutem,

97 1435 285 1487 justitiam,
299 1435 423 1482 fidem,
437 1434 528 1471 mihi
549 1435 692 1481 credite,
710 1434 739 1471 is
758 1435 918 1472 maxime
932 1435 1109 1485 probabit,
1124 1434 1196 1485 qui,
1210 1435 1248 1471 in
1262 1435 1444 1486 judicibus

101 1498 272 1549 legendis,
302 1498 491 1549 optimum,
524 1501 561 1535 et
591 1497 905 1548 sapientissimum,
936 1502 972 1534 et
1000 1497 1231 1534 fortissimum
1262 1512 1444 1550 quemque

102 1561 247 1612 delegit.
