1596 2643
549 98 687 123 oafflo
716 98 790 122 PRO
819 98 850 126 Q.
879 97 1048 122 LIGARIO.
1425 84 1470 123 71

121 202 215 249 «mis,
243 215 314 252 ego
339 205 463 238 tamen
491 200 699 248 confitebor,
720 200 865 250 culpam
889 213 963 237 esse
982 199 1126 250 Ligarii,
1148 199 1248 250 ¹⁰qui
1275 213 1336 236 vos
1364 207 1473 238 tantae

123 265 238 303 laudis
257 265 441 303 occasione
460 264 657 314 privaverit.

201 329 268 365 IX.
324 332 383 365 26.
415 328 489 365 Sed
519 327 610 374 vide,
641 340 774 378 quaeso,
805 327 938 374 Caesar,
971 326 1230 364 ¹constantiam
1263 327 1475 375 ornatissimi

123 391 195 438 viri,
215 391 254 428 L.
272 391 490 428 Tuberonis:
519 404 631 441 quam
652 404 732 441 ego,
752 391 915 441 quamvis
944 390 1019 440 ipse
1047 390 1251 440 probarem,
1280 395 1322 426 ut
1351 390 1474 440 probo,

122 458 245 490 tamen
263 466 336 491 non
355 466 691 500 commemorarem,
710 453 776 489 nisi
797 453 842 490 “'a
860 458 896 490 te
918 453 1164 503 cognovissem
1183 452 1221 489 in
1240 452 1365 503 primis
1393 466 1475 489 eam

121 516 291 553 virtutem
311 517 424 554 solere
443 517 592 554 laudari.
646 517 737 561 Quae
757 517 826 553 fuit
843 517 952 566 igitur
976 529 1142 567 unquam
1171 516 1208 552 in
1236 516 1310 553 ullo
1328 516 1476 553 homine

121 584 222 616 tanta
241 579 462 617 constantia?
490 579 728 617 constantiam
749 579 854 616 dico?
884 579 1035 626 ³neseio,
1051 592 1097 615 an
1115 579 1244 616 melius
1263 578 1474 629 patientiam

121 643 254 693 possim
274 643 403 680 dicere.
456 643 624 686 ‘Quotus
653 643 750 680 enim
772 643 869 680 istud
889 642 1043 693 quisque
1063 642 1211 689 feciffiet,
1232 647 1282 689 ut,
1304 655 1325 679 a
1345 642 1478 692 quibus

121 706 160 743 in
190 706 405 744 dissensione
436 706 529 743 civili
558 719 631 743 non
661 711 753 743 esset
781 711 955 756 receptus,
977 711 1070 743 esset
1089 706 1199 743 etiam
1221 719 1307 743 cum
1328 706 1479 743 crudeli-

121 775 196 808 tate
215 770 376 820 rejectus,
391 770 440 807 ad
459 782 518 807 eos
537 769 631 820 ipsos
649 769 805 807 rediret?
854 769 1000 820 5Magni
1022 770 1213 820 cujusdam
1236 769 1348 806 animi
1368 774 1478 819 atque

120 833 198 883 ejus
222 832 298 879 viri,
318 845 440 883 quem-
463 833 510 870 de
537 837 705 883 suscepta
735 845 853 880 causa,
883 832 1135 883 propositaque
1166 833 1352 878 sententia,
1381 833 1478 869 nulla

123 895 352 943 contumelia,
371 895 472 932 nulla
485 896 546 942 vis,
567 895 711 932 nullum
731 895 933 946 periculum
953 896 1064 946 possit
1083 895 1270 946 depellere.
1319 896 1377 932 27.
1404 896 1415 912 ‘³
1427 895 1480 932 Ut

122 959 220 996 enim
250 964 367 996 cetera
395 959 495 1010 paria
522 959 703 996 Tuberoni
734 972 821 996 cum
841 959 942 996 Varo
969 959 1126 1005 fuissent,
1155 959 1277 1005 honos,
1306 959 1479 1006 nobilitas,

120 1022 298 1072 splendor,
315 1022 518 1072 ingenium,
539 1035 622 1072 quae
652 1035 889 1072 nequaquam
920 1022 1088 1069 fuerunt,
1118 1022 1210 1059 ⁷hoc
1237 1027 1331 1059 certe
1359 1022 1481 1072 praeci-

121 1098 239 1136 puum
257 1085 463 1132 Tuberonis,
483 1086 584 1136 quod
606 1085 703 1136 justo
732 1098 817 1122 cum
843 1085 997 1135 imperio
1017 1098 1061 1121 cx
1080 1090 1225 1122 senatus
1254 1085 1415 1122 consulto
1441 1085 1480 1122 in

122 1147 344 1199 provinciam
363 1161 468 1185 suam
489 1153 645 1186 venerat.
701 1148 821 1186 'Hinc
840 1148 1041 1199 prohibitus
1060 1161 1131 1185 non
1152 1149 1198 1185 ad
1219 1148 1413 1195 Caesarem,
1434 1161 1480 1185 ne

121 1212 256 1260 iratus3
283 1225 356 1249 non
374 1213 539 1259 domum,
559 1225 605 1249 ne
623 1212 740 1259 iners3
769 1225 842 1249 non
862 1212 898 1248 in
919 1212 1080 1262 aliquam
1105 1211 1306 1262 regionem,
1326 1225 1371 1249 ne
1400 1225 1481 1249 con-

122 1275 294 1313 demnare
314 1288 463 1313 causam
481 1275 589 1323 illam,
609 1288 722 1326 quam
743 1280 886 1313 secutus
907 1280 1009 1322 esset,
1028 1275 1230 1312 videretur:
1258 1275 1294 1311 in
1313 1275 1482 1313 Macedo-

122 1339 223 1376 niam
242 1340 290 1377 ad
309 1339 374 1377 Cn.
393 1339 561 1390 Pompeii
591 1344 706 1377 castra
733 1340 841 1386 venit,
861 1339 898 1376 in
929 1352 1012 1376 eam
1042 1339 1159 1389 ipsam
1189 1352 1346 1385 causam,
1367 1352 1388 1375 a
1407 1351 1482 1389 qua

123 1407 199 1440 erat
217 1403 369 1454 rejectus
389 1416 475 1440 cum
494 1402 634 1454 injuria.
690 1407 749 1440 28.
778 1402 925 1446 ‘'Quidss
954 1415 1071 1453 quum
1090 1402 1159 1439 ista
1186 1415 1241 1439 res
1268 1401 1357 1438 nihil
1385 1415 1482 1439 com-

123 1465 295 1503 movisset
327 1466 402 1516 ejus
435 1466 610 1513 animum,
646 1466 693 1503 ad
729 1479 841 1516 quem
875 1465 1061 1512 veneratis,
1094 1465 1331 1515 languidiore,
1364 1465 1481 1512 credo,

123 1529 244 1567 studio
262 1529 301 1566 in
321 1542 429 1567 causa
446 1529 580 1566 fuistis:
608 1529 865 1566 tantummodo
885 1529 921 1565 in
940 1528 1112 1579 praesidiis
1133 1528 1247 1575 eratis,
1263 1528 1376 1565 animi
1395 1541 1482 1566 vero

124 1605 146 1630 a
165 1605 274 1630 causa
292 1592 555 1631 abhorrebant:
586 1593 678 1640 ¹⁰an,
699 1597 742 1629 ut
770 1592 812 1629 fit
841 1591 879 1628 in
909 1592 1073 1629 civilibus
1101 1591 1213 1638 bellis,
1233 1604 1300 1628 nec
1326 1591 1364 1628 in
1383 1591 1482 1629 vobis

123 1655 244 1706 magis
262 1669 377 1706 quam
396 1655 435 1692 in
454 1655 622 1707 reliquis3
650 1669 777 1693 omnes
797 1655 894 1693 enim
915 1655 1081 1692 vincendi
1111 1654 1232 1692 studio
1257 1655 1483 1692 tenebamur.

126 1718 267 1756 ”Pacis
299 1718 472 1769 equidem
504 1731 647 1769 semper
680 1723 805 1756 auctor
836 1718 911 1755 fui:
947 1718 1012 1755 sed
1040 1722 1119 1754 tum
1146 1730 1246 1765 sero3
1284 1722 1359 1755 erat
1386 1718 1482 1755 enim

124 1782 288 1829 amentis,
309 1794 427 1833 quum
459 1781 574 1819 aciem
603 1781 751 1828 videres,
770 1794 900 1831 pacem
921 1781 1090 1832 cogitare.
1145 1781 1291 1828 Omnes,
1319 1781 1482 1832 inquam,

124 1845 266 1882 vincere
285 1844 496 1882 volebamus
512 1857 520 1882 :
551 1844 628 1882 ²²tu
649 1849 745 1882 certe
765 1844 958 1895 praecipue,
980 1844 1043 1894 qui
1063 1844 1101 1880 in
1121 1857 1207 1881 eum
1226 1844 1350 1881 locum
1371 1844 1484 1881 venis-

123 1921 189 1955 ses,
209 1908 273 1945 ubi
300 1908 365 1946 tibi
393 1913 484 1946 esset
511 1908 751 1959 pereundum,
770 1908 837 1944 nisi
857 1908 1022 1945 vicisses:
1051 1921 1291 1959 quamquam,
1316 1912 1359 1944 ut
1386 1920 1483 1944 nunc

124 1985 163 2010 se
182 1985 237 2010 res
255 1972 377 2020 habet,
392 1985 465 2010 non
484 1972 623 2019 dubito,
641 1972 728 2023 quin
747 1971 842 2009 hanc
861 1971 1016 2008 salutem
1038 1976 1233 2022 anteponas
1252 1971 1299 2008 illi
1316 1970 1472 2008 victoriae

205 2036 254 2074 X.
309 2040 369 2073 29.
396 2035 492 2073 Haec
510 2048 581 2086 ego
600 2048 673 2073 non
693 2035 861 2082 dicerem,
881 2036 1035 2082 Tubero,
1060 2035 1090 2072 si
1119 2039 1184 2072 ant
1212 2035 1294 2072 ²vos
1323 2039 1483 2071 constan—

126 2099 185 2136 tiae
205 2103 341 2146 vestrae,
361 2103 425 2136 aut
443 2098 628 2137 Caesarem
660 2098 827 2136 beneficii
856 2099 911 2135 sui
942 2098 1140 2149 poeniteret.
1204 2097 1316 2134 Nunc
1346 2110 1481 2147 quoero,

126 2167 252 2199 utrum
280 2167 415 2200 vestras
446 2163 603 2214 injurias,
631 2163 702 2200 ²an
734 2163 787 2200 rei
819 2163 974 2214 publicae
1008 2162 1300 2213 persequamini?
1366 2161 1403 2199 Si
1434 2161 1483 2199 rei

125 2226 280 2278 publicae
295 2238 304 2264 ε
332 2226 423 2277 quid
442 2227 488 2265 de
502 2231 618 2265 vestra
638 2227 649 2244 ³
660 2227 698 2264 in
716 2227 778 2264 illa
797 2240 906 2264 causa
919 2226 1180 2277 perseverantia
1198 2225 1484 2276 respondebitis?

125 2290 156 2328 si
175 2294 316 2337 vestras,
336 2290 468 2337 videte,
486 2303 532 2328 ne
552 2290 686 2337 erretis,
706 2290 792 2341 ⁴qui
813 2290 994 2327 Caesarem
1022 2288 1144 2326 vestm's
1172 2288 1324 2325 inimicis
1348 2288 1484 2326 iratum

128 2353 200 2392 fore
219 2353 365 2405 putetis,
385 2366 503 2404 quum
521 2353 701 2405 ignoverit
717 2353 802 2391 suis.

448 2415 497 2452 4³le
