1571 2651
513 116 648 142 oaA'r1o
677 117 750 141 Pno
779 116 875 139 1120ss
904 115 1076 140 MAN1L1A.
1415 110 1464 143 95

126 219 184 257 illo
203 220 330 257 timore
350 224 386 256 et
403 220 490 269 fuga
508 219 688 268 Tigranes,
709 232 771 255 rex
785 218 987 263 Armenius,
1003 218 1150 267 excepit,
1172 218 1465 268 diffidentemque

126 283 229 319 rebus
246 283 319 318 suis
338 282 568 327 confirmavit,
589 286 624 318 et
644 281 815 317 afflictum
846 280 964 326 erexit,
990 280 1243 329 ]?›e1·dituln‹pie
1276 281 1464 316 recreavit:

125 345 224 394 cujus
244 345 279 380 in
299 357 452 394 regnum
471 349 703 394 posteaquam
725 343 762 379 L.
778 343 944 379 Lucullus
959 356 1042 379 cum
1057 342 1214 379 exercitu
1229 342 1333 388 venit,
1348 343 1466 393 plnres¹

127 407 234 443 etiam
258 412 383 456 gentes
411 413 532 443 contra
558 406 810 456 imperatorem
838 411 998 442 nostrum
1025 405 1207 442 concitatae
1236 409 1328 441 sunt..
1381 405 1466 441 Erat

124 469 220 506 enim
239 474 358 506 metus
375 469 523 519 injectus
542 469 582 505 iis
603 469 814 515 nationibus,
835 481 924 518 quas
944 481 1132 518 nunquam
1159 467 1312 517 populus
1337 467 1468 504 Roma-

123 544 192 568 nus
212 532 353 582 ⁷neque
372 532 593 569 lacessendas
612 531 706 568 bello
725 544 841 581 neque
856 531 1044 568 tentandas
1058 530 1217 580 putaxit,
1247 529 1345 567 ὅθι-313
1359 530 1467 566 etiam

124 594 193 631 alia
211 595 329 644 gravis
347 600 459 645 atque
478 594 671 632 vehemens
685 594 812 644 opinio,
828 607 909 644 quae
928 607 991 643 per
1009 593 1145 630 animos
1164 594 1327 643 gentium
1342 593 1468 630 barba-

123 669 242 693 rarum
256 662 468 707 pervaserat,
483 657 552 693 fani
569 656 831 706 locupletissimi
847 661 885 693 et
898 655 1145 706 religiosissimi
1159 655 1346 705 diripiendi
1362 668 1468 692 causa

123 719 159 755 in
179 732 238 756 eas
258 732 338 756 oras
356 724 516 756 nostrum
537 732 610 755 esse
630 719 826 755 exercitum
846 719 1056 755 adductum.
1096 718 1152 754 Ita
1166 718 1324 754 nationes
1343 718 1466 754 multae

123 786 231 832 atque
251 795 394 832 magnas
417 783 530 818 ‘'novo
549 782 708 831 quodam
726 786 858 818 terrore
878 794 920 818 ac
939 785 1039 818 metu
1059 781 1338 817 concitabantur.
1379 780 1469 817 Nos-

123 849 177 881 ter
195 849 320 882 autem
338 845 520 890 exercitus,
540 844 683 880 tamcsti
705 844 869 881 ¹⁰urbem
888 857 931 881 ex
959 843 1103 893 Tigrani
1129 856 1240 893 regno
1262 847 1413 893 ceperat,
1433 848 1468 879 et

123 908 253 958 proeliis
272 921 356 944 usus
375 913 452 945 erat
476 907 651 954 secundis,
671 912 793 944 tamen
814 907 925 944 nimia
953 907 1215 957 longinquitate
1239 907 1399 944 locorum
1427 920 1469 943 ac

124 971 299 1008 desiderio
316 984 464 1008 suorum
485 971 789 1008 commovebatur.
846 975 906 1007 24.
928 971 951 988 ¹¹
964 971 1035 1007 Hie
1049 971 1125 1020 jam
1139 970 1244 1020 plura
1255 983 1326 1006 non
1339 970 1468 1006 dicam.

126 1034 151 1050 ¹²
162 1034 245 1070 Fuit
263 1034 360 1071 enim
379 1034 468 1071 illud
489 1039 701 1080 extremum,
721 1038 761 1070 ut
780 1047 824 1070 cx
844 1034 884 1070 iis
903 1034 985 1071 locis
1005 1046 1026 1070 a
1044 1033 1217 1070 militibus
1236 1033 1360 1070 nostris
1379 1032 1469 1069 redi-

123 1102 182 1133 tus
212 1097 329 1146 magis
356 1101 529 1142 maturus,
559 1110 671 1147 quam
699 1096 873 1147 processio
902 1097 1037 1146 longior
1065 1100 1305 1146 quaereretur:
1333 1095 1469 1131 Mithri-

123 1160 225 1197 dates
244 1165 367 1196 autem
387 1165 423 1197 et
441 1173 543 1196 suam
562 1173 713 1196 manum
736 1160 813 1209 jam
833 1160 1067 1204 confirmarat,
1089 1160 1161 1196 ¹⁸et
1179 1172 1316 1205 eorum,
1347 1158 1410 1208 qui
1431 1171 1468 1195 se

123 1235 167 1260 ex
186 1222 295 1272 ipsius
314 1235 427 1272 regno
447 1221 673 1271 collegerant,
688 1226 725 1258 et
738 1222 878 1271 magnis
894 1221 1099 1258 adventiciis
1114 1221 1251 1258 auxiliis
1270 1221 1467 1257 multorum

122 1298 250 1335 regum
271 1290 307 1322 et
327 1285 514 1322 nationum
532 1285 735 1335 juvabatur.
791 1284 849 1322 Η]
853 1298 911 1321 am
931 1284 1001 1322 hoc
1020 1285 1092 1321 fere
1121 1284 1170 1321 sic
1190 1283 1266 1321 fieri
1285 1284 1394 1321 solere
1414 1297 1469 1320 ac-

123 1349 293 1398 cepimus,
313 1353 354 1385 ut
372 1361 500 1398 regum
520 1348 658 1386 afflictae
678 1348 829 1386 fortunae
855 1348 954 1385 facile
982 1348 1177 1384 multorum
1205 1361 1289 1398 opes
1317 1347 1469 1384 alliciant

123 1411 172 1448 ad
190 1411 480 1456 misericordiam,
499 1412 729 1461 maximeque
745 1425 880 1458 eorum,
901 1411 964 1462 qui
979 1415 1042 1448 aut
1061 1424 1160 1461 reges
1174 1416 1256 1447 sunt
1270 1416 1333 1447 aut
1347 1411 1470 1447 vivunt

123 1473 160 1509 in
178 1484 310 1522 regno:
338 1477 379 1509 ut
397 1473 437 1509 iis
455 1485 588 1510 nomen
615 1474 734 1523 regale
760 1487 937 1524 magnum
957 1478 994 1510 et
1012 1479 1177 1510 sanctum
1205 1486 1278 1510 esse
1298 1473 1469 1510 videatur.

126 1539 185 1573 25.
212 1535 341 1586 Itaque
359 1540 501 1572 tantum
522 1536 671 1572 ¹⁵victus
690 1537 827 1574 efficere
846 1536 969 1586 potuit,
984 1541 1162 1586 quantum
1175 1535 1361 1573 incolumis
1380 1549 1469 1573 nun-

123 1610 235 1648 quam
254 1602 308 1635 est
321 1611 428 1634 ausus
447 1602 578 1648 optare.
631 1598 730 1635 Nam
745 1612 859 1648 quum
871 1612 907 1636 se
922 1599 956 1635 in
971 1612 1122 1649 regnum
1142 1611 1250 1635 suum
1270 1599 1468 1648 recepisset,

122 1672 192 1697 non
212 1659 280 1697 fuit
299 1673 342 1697 eo
361 1665 554 1707 contentus,
575 1661 674 1711 quod
688 1661 721 1698 ei
740 1666 869 1711 praeter
887 1675 989 1712 spem
1009 1661 1197 1707 acciderat,
1212 1665 1254 1698 ut
1272 1661 1378 1707 illam,
1393 1674 1470 1711 pos-

122 1726 294 1773 teaquam
321 1722 443 1773 pulsus
462 1727 546 1769 erat,
566 1727 697 1760 terram
717 1736 877 1773 unquam
905 1724 1106 1773 attingeret,
1126 1723 1190 1760 sed
1217 1723 1254 1759 in
1273 1723 1468 1760 exercitum

122 1789 292 1831 nostrum,
312 1785 447 1822 clarum
468 1790 578 1836 atque
598 1785 778 1833 victorem,
793 1786 971 1836 impetum
989 1786 1081 1823 fecit.
1137 1786 1286 1823 '⁰Sinite
1299 1785 1469 1832 hocloco,

122 1846 286 1894 Quirites,
305 1848 398 1884 sicut
415 1853 531 1898 poetae
550 1848 674 1894 solent,
690 1849 752 1899 qui
771 1863 826 1886 res
845 1849 1027 1887 Romanas
1041 1849 1209 1896 scribunt,
1221 1849 1397 1899 praeterire
1411 1863 1468 1885 nie

121 1914 280 1947 nostram
303 1910 554 1958 calamitatem,
574 1924 657 1962 quae
676 1916 778 1949 tanta
795 1912 870 1959 fuit,
889 1917 931 1949 ut
950 1925 1030 1949 eam
1051 1912 1098 1949 ad
1118 1925 1220 1948 aures
1240 1911 1468 1961 imperatoris,

121 1985 194 2010 non
214 1985 258 2009 ex
275 1973 400 2022 proelio
426 1973 579 2020 nuntius,
598 1974 663 2012 sed
682 1987 726 2011 ex
744 1987 908 2012 sermone
928 1988 1048 2011 rumor
1067 1974 1215 2011 afferret.
1272 1978 1330 2011 26.
1361 1975 1385 1991 ¹⁷
1397 1974 1468 2010 Ilii·

69 2041 74 2045 ’
121 2033 160 2071 in
177 2034 237 2072 illo
265 2035 341 2084 ipso
357 2035 464 2082 malo,
495 2037 774 2087 gravissimaque
799 2037 882 2074 belli
912 2037 1118 2084 ostensione,
1137 2036 1176 2074 L.
1196 2036 1374 2082 Lucullus,
1407 2036 1465 2086 qui

122 2101 255 2143 tamen,
275 2096 396 2148 aliqua
414 2111 458 2135 ex
485 2103 595 2148 parte,
619 2099 662 2136 iis
688 2100 925 2137 incommodis
953 2100 1089 2137 mederi
1117 2099 1261 2137 fortasse
1289 2099 1467 2148 potuisset,

124 2164 239 2197 vestro
253 2159 354 2209 jussu
373 2165 526 2207 coactus,
546 2162 644 2211 quod
662 2162 800 2212 imperii
822 2163 1043 2200 diuturnitati
1064 2163 1214 2199 niodum
1236 2161 1468 2198 statuendum

124 2226 241 2259 vetere
260 2222 425 2273 exemplo
443 2224 637 2273 putavistis,
656 2230 795 2275 partem
815 2226 980 2272 militnm,
1001 2225 1062 2275 qni
1089 2226 1165 2275 jam
1185 2225 1369 2274 stipendiis
1389 2238 1468 2262 con-

121 2284 205 2322 fecti
238 2290 348 2332 erant,
382 2286 525 2333 dimisit,
557 2292 696 2337 partem
730 2288 914 2326 Glabrioni
947 2288 1104 2325 tradidit.
1159 2287 1274 2323 Multa
1297 2292 1468 2337 praetereo

126 2347 343 2387 “consultnz
370 2349 434 2386 sed
453 2361 497 2386 ea
514 2362 575 2387 vos
594 2350 797 2400 conjectura
814 2351 1010 2402 perspicite,
1030 2355 1207 2401 quantum
1226 2349 1313 2388 illud
1333 2350 1467 2393 belluni
