1596 2643
457 118 594 144 onmo
623 117 697 142 Pno
726 117 826 141 REGE
855 115 1053 140 nmorARo.
1379 107 1427 140 83

82 222 261 269 ascendit3
289 221 353 259 sed
380 225 504 258 tamen
526 219 744 270 ¹¹quidquid
771 233 793 256 a
819 218 919 255 bellis
947 217 1068 268 populi
1093 216 1249 254 Romani
1269 217 1430 263 vacabat,

81 298 167 322 cum
197 284 407 322 hominibus
436 283 565 320 nostris
593 281 880 327 consuetudines,
909 280 1095 326 amicitias,
1124 293 1177 317 res
1205 279 1430 328 rationesque

77 347 265 398 jungebat,
286 351 327 383 ut
346 359 418 383 non
445 345 562 382 solum
591 344 786 382 tetrarches
813 343 950 390 nobilis,
969 343 1034 380 sed
1053 342 1164 379 etiam
1193 342 1352 392 optimus
1371 353 1431 390 pa—

81 410 298 457 terfamilias,
336 414 373 447 et
405 408 700 459 diligentissimus
738 407 894 457 agricola
930 412 967 444 et
1002 406 1193 456 pecuarius
1230 405 1432 441 haberetur.

84 474 109 491 ¹²
121 473 193 518 Qui
222 473 338 524 igitur
366 472 582 519 adolescens,
602 472 765 509 nondum
794 476 897 507 tanta
923 470 1036 520 gloria
1057 469 1241 520 przeditus,
1261 468 1349 504 nihil
1369 481 1434 503 un-

84 549 198 587 quam
227 536 293 572 nisi
321 535 546 573 severissime
580 539 616 572 et
642 534 851 585 gravissime
879 533 1011 580 fecerit,
1031 532 1060 569 is
1088 545 1131 569 ea
1158 531 1433 577 existimatione,

82 612 197 649 eaque
218 603 324 636 {etate
344 598 507 635 saltavit?

161 662 210 698 X.
269 666 328 698 28.
356 661 508 706 Imitari,
529 660 666 706 Castor,
686 660 805 709 potius
833 658 888 695 avi
915 657 968 695 tui
996 671 1113 695 mores
1133 656 1433 707 disciplinamque

84 724 251 770 debebas,
272 736 385 774 quam
413 722 550 773 optimo
581 727 616 759 et
643 722 837 759 clarissimo
855 721 930 758 viro
949 721 1090 771 fugitivi
1121 733 1182 758 ore,
1209 719 1434 756 maledicere.

83 787 215 830 ¹Quod
242 786 272 823 si
299 786 505 823 saltatorem
537 798 647 821 avum
680 784 876 831 habuisses,
907 797 1026 834 neque
1060 797 1146 821 eum
1176 783 1303 828 virum,
1337 782 1434 818 unde

83 849 232 900 pudoris
251 848 512 900 pudicitiaeque
541 847 708 898 exempla
727 852 945 898 peterentur,
965 852 1089 884 tamen
1108 846 1177 884 hoc
1196 846 1434 883 maledictum

84 913 236 950 minime
271 913 330 949 ²in
362 912 462 949 illam
492 916 638 949 aetatem
670 911 886 948 conveniret.
941 911 1108 954 ³Quibus
1137 910 1195 947 ille
1233 909 1361 946 studiis
1389 909 1434 945 ab

82 977 232 1014 ineunte
273 981 379 1014 aetate
415 989 452 1013 se
489 975 681 1022 imbuerat,
710 987 781 1012 non
818 974 979 1021 saltandi,
1012 975 1077 1011 sed
1104 974 1197 1011 bene
1236 978 1278 1009 ut
1315 972 1435 1018 armis,

82 1039 219 1089 optime
257 1043 298 1075 ut
337 1038 437 1089 equis
466 1042 639 1084 uteretur,
670 1050 713 1074 ea
739 1042 864 1074 tamen
892 1037 995 1073 illum
1030 1041 1159 1073 cuncta
1193 1036 1270 1086 jam
1310 1039 1436 1071 exacta

83 1106 190 1138 {etate
211 1101 424 1138 defecerant.
479 1100 608 1150 Itaque
629 1100 844 1137 Deiotarum
865 1112 982 1150 quum
1003 1099 1122 1149 plures
1149 1099 1186 1135 in
1205 1111 1341 1148 equum
1363 1111 1436 1133 sus-

87 1164 256 1211 tulissent,
277 1163 401 1214 ⁴quod
428 1162 566 1200 haerere
595 1163 633 1199 in
664 1175 706 1200 eo
735 1175 841 1199 senex
874 1167 1000 1212 posset,
1023 1161 1194 1198 admirari
1222 1161 1436 1197 solebamus

84 1227 179 1264 ⁵Hic
199 1240 285 1264 vero
314 1225 529 1272 adolescens,
550 1225 610 1275 qui
639 1238 745 1262 meus
772 1225 810 1261 in
830 1225 955 1262 Cilicia
973 1225 1087 1271 miles,
1107 1224 1143 1260 in
1174 1224 1314 1261 Graecia
1341 1236 1437 1260 com-

84 1290 200 1328 milito
237 1290 315 1337 fuit,
354 1302 473 1340 quum
506 1289 543 1325 in
581 1288 642 1326 illo
679 1293 784 1326 notro
822 1288 981 1326 exercitu
1020 1288 1200 1338 equitaret
1237 1300 1322 1324 cum
1365 1287 1436 1323 suis

85 1354 233 1392 delectis
262 1353 454 1404 equitibus,
474 1365 563 1403 quos
590 1365 664 1389 una
682 1365 768 1389 cum
789 1365 831 1389 eo
855 1353 901 1389 ad
921 1352 1140 1403 Pompeium
1160 1355 1261 1402 pater
1279 1351 1435 1396 miserat,

84 1430 176 1468 quos
197 1429 390 1454 concursus
409 1416 525 1453 facere
545 1415 702 1452 solebat!
731 1428 844 1466 quam
864 1429 901 1452 se
917 1415 1070 1465 jactare!
1099 1428 1211 1465 quam
1240 1414 1436 1452 ostentare!

85 1493 197 1530 quam
237 1479 375 1516 nemini
413 1479 451 1515 in
487 1478 548 1514 illa
594 1491 702 1515 causa
743 1478 863 1515 studio
907 1483 942 1515 et
982 1478 1178 1528 cupiditate
1222 1477 1436 1514 concedere!

86 1547 145 1580 29.
174 1542 303 1586 Quum
332 1555 432 1587 ver0,
449 1541 629 1578 ‘'exercitu
659 1540 800 1587 amisso,
820 1553 898 1589 ego,
919 1541 982 1591 qui
1010 1540 1105 1590 pacis
1132 1553 1276 1590 semper
1304 1545 1436 1586 auctor,

84 1610 165 1656 post
192 1604 444 1642 Pharsalicum
483 1603 651 1654 proelium
683 1616 806 1641 suasor
836 1604 889 1640 fui
927 1616 1115 1640 armorum
1153 1616 1225 1640 non
1258 1603 1438 1653 deponen-

85 1669 230 1714 dorum,
259 1669 324 1705 sed
353 1667 661 1718 abjiciendorum3
699 1667 797 1704 hunc
834 1668 881 1704 ad
919 1680 1042 1704 meam
1075 1666 1326 1704 auctoritatem
1365 1679 1436 1703 non

83 1730 185 1781 potui
205 1731 397 1778 adducere,
419 1730 542 1781 ⁷quod
568 1734 604 1766 et
628 1729 703 1779 ipse
732 1730 883 1766 ardebat
909 1730 1030 1767 studio
1048 1729 1159 1780 ipsius
1178 1729 1271 1776 belli,
1291 1734 1328 1766 et
1346 1730 1436 1779 patn'

82 1794 373 1831 satisfaciendum
407 1806 482 1831 esse
520 1792 770 1830 arbitrabatur.
827 1792 946 1829 ³Felix
985 1792 1052 1829 ista
1084 1793 1226 1839 domus,
1255 1805 1336 1843 quae
1365 1805 1437 1829 non

83 1856 343 1906 impunitatem
375 1857 494 1894 solum
526 1857 661 1909 adepta
691 1856 745 1903 sit,
770 1856 834 1893 sed
864 1855 1055 1893 accusandi
1089 1856 1199 1892 etiam
1232 1855 1436 1901 licentiam,

85 1918 310 1957 calamitosus
329 1919 530 1967 Deiotarus,
552 1921 613 1971 qui
641 1920 687 1958 ab
716 1933 768 1967 eo,
788 1919 849 1969 qui
870 1919 906 1955 in
934 1919 1062 1956 iisdem
1092 1919 1211 1955 castris
1230 1918 1345 1965 fuerit,
1366 1931 1436 1955 non

86 1983 197 2019 modo
225 1983 323 2033 apud
350 1987 396 2031 te,
415 1984 481 2021 sed
509 1984 619 2021 etiam
648 1997 670 2021 a
696 1983 766 2023 suis
795 1987 990 2020 accusetur.
1044 1982 1119 2019 Vos
1139 1986 1256 2019 vestra
1278 1982 1437 2018 secunda

87 2045 238 2091 fortuna,
259 2045 394 2093 Castor,
422 2059 495 2084 non
525 2047 669 2097 potestis
698 2047 772 2084 sine
804 2046 1089 2096 propinquorum
1123 2044 1328 2081 calamitate
1362 2056 1436 2079 esse

86 2107 268 2145 contenti?

165 2170 231 2208 XI.
287 2175 347 2208 30.
377 2171 477 2209 ²Sint
503 2184 589 2210 sanc
617 2172 823 2218 inimicitiae,
844 2184 926 2221 quae
948 2184 1022 2208 esse
1051 2183 1121 2206 non
1142 2169 1345 2207 debebant:
1374 2182 1435 2206 rex

86 2234 183 2271 enim
211 2234 403 2271 Deiotarus
430 2239 582 2272 vestram
609 2235 794 2282 familiam,
814 2235 992 2285 abjectam
1022 2238 1058 2270 et
1077 2234 1282 2278 obscuram,
1302 2245 1321 2268 e
1341 2237 1436 2269 tene-

86 2296 160 2334 bris
192 2296 229 2333 in
256 2296 376 2333 lucem
411 2298 579 2335 evocavit.
644 2298 757 2342 ²Quis
785 2303 889 2334 tuum
919 2302 1060 2347 patrem
1096 2300 1210 2341 antea,
1239 2295 1300 2345 qui
1336 2300 1435 2341 esset,

87 2372 198 2411 quam
228 2353 330 2410 cujus
356 2372 469 2411 gener
495 2365 595 2407 esset,
615 2361 776 2398 audivit?
831 2360 901 2397 Sed
923 2358 1088 2409 quamvis
1112 2358 1248 2408 ingrate
1269 2363 1304 2395 et
1323 2358 1435 2409 impie
