1596 2643
438 120 576 145 omno
604 120 678 145 PRO
707 119 742 144 A.
770 119 916 144 LICINIO
945 118 1102 145 Ancum.
1396 112 1439 146 51

95 229 188 272 tum,
206 229 326 262 totum
345 225 393 262 ab
411 223 481 261 hoc
499 215 709 273 expressum
729 227 804 259 est:
831 222 917 272 ⁷qni
936 222 1019 259 libri
1038 235 1110 259 non
1130 223 1241 259 modo
1260 223 1298 259 L.
1317 223 1445 260 Lucul-

96 287 185 335 lum,
205 287 437 325 fortissimum
465 291 502 323 et
529 286 787 323 clari-issimum
807 285 934 332 virum,
954 298 1081 322 verum
1102 285 1214 322 etiam
1235 286 1357 335 populi
1390 287 1446 323 -lo-

99 350 195 387 mani
214 363 347 387 nomen
365 349 553 386 illustrant.
606 349 769 399 Populus
789 348 886 385 enim
912 348 1099 385 Romanus
1125 348 1276 398 aperuit,
1297 348 1446 385 Lucullo

99 414 306 463 imperante,
319 413 491 459 Pontum,
505 417 541 449 et
558 412 666 461 regiis
681 412 868 462 quondam
884 411 1024 462 opibus,
1037 416 1073 448 et
1090 411 1167 461 ipsa
1185 416 1316 447 natura
1333 411 1448 461 regio-

100 476 151 512 nis
166 475 178 493 8
188 475 383 512 vallatum:
409 475 531 525 populi
544 475 700 512 Romani
713 475 898 521 exercitus,
912 475 1042 512 eodem
1056 475 1160 521 (11100,
1174 474 1185 491 ⁹
1196 486 1269 510 11011
1283 475 1447 511 maxima

100 552 210 576 manu
230 538 513 575 innumerabiles
533 538 794 575 Armeniorum
821 538 939 588 copias
963 538 1079 575 fudit:
1111 537 1269 588 ¹⁰populi
1290 537 1445 575 Romani

101 601 174 639 laus
203 607 265 648 est,
283 602 412 639 urbem
449 600 709 638 amicissimam
731 601 1005 650 Cyzicenorum,
1034 601 1197 651 ejusdcm
1228 601 1383 647 consilio,
1403 614 1446 638 ex

100 665 197 702 omni
217 665 357 715 impetu
375 664 484 714 regio,
504 669 614 713 atque
633 664 741 701 totius
760 664 845 701 belli
865 677 925 701 ore
945 677 987 701 ac
1005 664 1170 700 faucibus
1189 668 1352 713 ereptam
1372 677 1447 701 esse

99 733 206 778 atque
218 732 418 764 servatam:
447 728 471 744 ¹¹
483 732 602 763 nostra
615 739 757 776 semper
771 726 904 763 feretur
919 731 956 763 et
968 726 1285 776 1'›1·ae<licabitur,L.
1297 726 1448 764 Lucullo

99 791 305 837 dimicante,
325 803 410 827 011111
438 789 629 826 interfectis
648 789 803 826 ducibus
829 789 998 839 depressa
1019 789 1178 826 hostium
1199 789 1325 837 0133313,
1345 794 1380 827 et
1398 790 1449 826 in-

99 853 277 891 credibilis
296 853 396 904 apud
416 853 606 890 Tenedum
634 865 760 902 pugna
786 852 846 888 illa
873 852 1028 889 navalis:
1057 857 1179 888 nostra
1197 857 1282 889 sunt
1301 857 1448 903 tropaea,

99 920 218 953 nostra
236 920 486 963 monumenta,
505 915 616 952 nostri
643 915 820 965 triumphi
837 927 845 961 3
877 928 960 965 (111ῑο
981 928 1139 965 quorum
1159 915 1312 965 ingeniis
1334 915 1358 933 ¹²
1370 916 1449 953 effe-

99 983 237 1026 runtur,
257 979 304 1016 ab
332 979 373 1015 iis
401 978 525 1029 populi
553 978 710 1016 Romani
739 978 838 1015 sama
868 978 1079 1014 celebratur.
1147 982 1206 1015 22.
1239 978 1353 1015 Carus
1382 979 1449 1016 fuit

99 1041 270 1078 Africano
299 1041 473 1092 superiori
504 1045 623 1078 noster
655 1040 792 1077 Ennius
808 1053 816 1087 3
855 1040 978 1090 itaque
1011 1040 1121 1077 etiam
1154 1040 1227 1077 ¹³in
1259 1041 1450 1091 sepulchro

97 1103 309 1154 Scipicinum
328 1108 479 1154 putatur
498 1103 527 1140 is
546 1116 620 1141 esse
640 1103 856 1140 constitutus
875 1115 919 1139 ex
939 1116 1131 1140 marmore.
1180 1103 1260 1140 1⁴At
1277 1103 1318 1140 iis
1338 1103 1450 1141 laudi-

99 1167 168 1204 bus
187 1171 284 1204 certe
303 1179 376 1203 non
393 1166 512 1204 solum
531 1165 616 1217 ipse,
637 1166 698 1216 qui
718 1166 896 1212 laudatur,
915 1165 979 1203 sed
1004 1165 1115 1202 etiam
1143 1166 1267 1216 populi
1295 1166 1449 1203 Romani

97 1243 233 1268 nomen
251 1234 409 1267 ornatur.
454 1230 497 1266 In
516 1229 650 1267 coelum
672 1229 814 1280 Π’11111113
833 1242 987 1279 proavus
999 1229 1091 1265 Cato
1109 1229 1263 1266 tollitur:
1292 1243 1450 1281 magnus

97 1292 210 1330 honos
242 1292 365 1343 populi
401 1292 559 1330 Romani
594 1293 704 1330 rebus
741 1291 963 1343 adjungitur.
1031 1291 1168 1328 Omnes
1205 1292 1362 1343 denique
1399 1293 1449 1330 illi

99 1354 262 1402 Maximi,
290 1351 614 1403 MareellisFulvii,
647 1367 719 1392 non
750 1354 826 1392 sine
859 1354 1047 1391 communi
1079 1354 1247 1391 omnium
1284 1360 1449 1393 nostrum

98 1417 208 1455 laude
228 1418 453 1455 decorantur.

180 1480 229 1516 X.
282 1479 380 1529 Ergo
401 1480 410 1497 ¹
422 1480 534 1526 illum,
548 1479 610 1530 qui
629 1479 709 1517 haec
728 1479 871 1526 fecerat,
886 1479 1072 1516 Rudinum
1090 1479 1285 1527 hominem,
1300 1480 1450 1532 majores

100 1543 209 1580 nostri
228 1543 265 1579 in
285 1543 466 1580 civitatem
485 1549 717 1593 receperunt:
745 1555 809 1580 nos
827 1543 925 1580 1111110
940 1543 1218 1590 Heracliensem,
1232 1544 1352 1581 multis
1372 1544 1450 1581 civi-

100 1606 234 1643 tatibus
267 1606 473 1656 expetitum,
505 1605 542 1642 in
574 1605 644 1643 hac
677 1610 798 1643 antem
835 1605 975 1656 legibus
1003 1606 1245 1654 constitutum,
1264 1607 1310 1643 de
1333 1612 1451 1645 nostra

101 1669 240 1706 civitate
260 1668 463 1719 ejiciemus?

183 1736 242 1770 23.
274 1732 373 1769 Nam
403 1732 432 1769 si
465 1731 543 1783 quis
573 1731 774 1770 ⁹minore1n
806 1731 928 1782 gloriae
958 1732 1115 1770 fructum
1134 1737 1236 1783 putat
1255 1746 1298 1770 cx
1319 1733 1451 1772 Graeeis

101 1795 258 1834 versibus
285 1795 428 1846 percipi,
456 1808 569 1847 quam
603 1809 646 1833 ex
682 1795 826 1843 Latinis,
859 1795 1091 1833 vehementer
1122 1800 1224 1843 errat,
1254 1801 1452 1848 propterea,

101 1859 200 1910 quod
221 1858 233 1876 ³
244 1858 373 1896 Graeca
404 1858 571 1909 leguntur
589 1859 626 1895 in
645 1859 813 1896 omnibus
840 1858 912 1896 fere
930 1859 1109 1909 gentibus,
1142 1858 1271 1896 Latina
1288 1860 1359 1897 suis
1377 1861 1453 1897 fini-

104 1922 179 1969 bUS,
199 1922 334 1973 exiguis
365 1935 461 1969 sane,
495 1922 728 1960 continentur.
781 1922 901 1966 Quare
932 1922 961 1959 si
994 1935 1049 1960 res
1069 1935 1131 1970 eae,
1160 1936 1249 1973 quas
1267 1924 1452 1973 gessimus,

104 1984 220 2022 ‘orbis
238 1990 340 2023 terrae
360 1985 564 2036 regionibus
584 1986 810 2031 definiunt-ur,
830 1999 959 2036 cupere
980 1986 1164 2033 debemus,
1185 1999 1257 2037 quo
1277 1999 1452 2023 manuum

106 2052 303 2086 nostrarum
329 2048 402 2086 tela
420 2049 652 2099 pervenerint,
673 2049 800 2087 eodem
831 2049 983 2099 gloriam
1015 2048 1223 2099 famamque
1243 2054 1452 2099 penctrare3

105 2109 204 2161 quod
223 2123 336 2160 quum
369 2110 451 2161 ipsis
477 2111 625 2162 populis,
646 2111 692 2149 de
712 2124 865 2162 quorum
885 2112 990 2149 rebus
1010 2111 1179 2157 scribitur,
1199 2111 1279 2147 11310
1311 2111 1453 2162 ‘'ampla

103 2177 196 2220 sunt,
217 2177 295 2210 tum
327 2172 368 2209 iis
383 2177 486 2221 certe,
517 2174 579 2224 qui
610 2174 656 2212 de
676 2174 757 2216 vita,
776 2173 897 2224 gloriae
919 2187 1035 2220 031133,
1055 2173 1236 2220 dimicant,
1254 2173 1323 2211 hoc
1343 2174 1454 2211 maxi-

102 2249 207 2274 mum
240 2240 276 2273 et
308 2236 544 2286 periculorum
574 2237 849 2275 incitamentum
868 2242 921 2274 est
947 2243 985 2274 ct
1016 2237 1189 2274 laborum.
1246 2240 1305 2274 24.
1333 2237 1453 2282 Quam

103 2300 236 2338 multos
257 2299 462 2356 “scriptores
479 2313 597 2338 rerum
616 2315 762 2338 suarum
783 2314 936 2352 magnus
955 2301 1011 2337 ille
1027 2300 1232 2337 Alexander
1249 2313 1373 2339 secum
1391 2301 1454 2340 ha-

102 2363 224 2403 buisse
255 2363 408 2402 dicitur!
461 2364 585 2415 Atque
616 2365 646 2402 13
663 2369 797 2413 tamen,
817 2377 931 2415 quum
952 2365 963 2382 ⁷
976 2364 1012 2401 in
1041 2364 1148 2414 Sigeo
1166 2364 1213 2401 ad
1232 2364 1381 2404 Achillis
1399 2370 1452 2404 tu-
