1596 2643
135 122 182 160 76
508 134 645 160 ORATIO
673 133 746 158 PRO
775 133 874 158 REGE
901 132 1100 157 DEIOTARO.

134 239 230 284 bam,
250 250 364 288 quum
383 238 491 275 verba
511 237 715 282 audiebam,
734 249 806 273 non
824 240 900 272 tam
921 236 1088 272 afflictam
1115 234 1288 284 llregiam
1308 233 1476 271 conditio-

133 314 218 337 nem
233 301 411 346 dolebam,
427 313 537 350 quam
552 300 596 336 de.
610 299 758 335 fortunis
771 299 1019 336 communibus
1027 297 1319 334 extimescebam.
1366 296 1475 341 Nam,

135 377 247 413 quum
267 358 366 400 more
392 363 568 413 majorum
601 362 683 398 1²'de
697 375 799 398 servo
827 361 864 397 in
885 361 1082 406 dominum,
1112 373 1157 397 ne
1187 359 1371 397 tormentis
1402 359 1477 408 qui-

135 427 229 471 dem,
250 426 363 476 quaeri
396 425 510 470 liceat,
543 425 579 460 in
599 437 673 474 qua
691 424 885 474 quzestione
918 423 1018 460 dolor
1050 423 1175 460 elicere
1203 436 1324 459 veram
1352 434 1475 458 vocem

135 489 241 538 possit
261 488 369 524 etiam
390 487 435 523 ab
455 487 585 523 invito:
616 486 641 503 ¹³
653 478 793 523 exortus
812 491 865 522 est
890 498 1018 532 servus,
1039 486 1110 536 qui,
1131 498 1240 536 quem
1266 485 1304 520 in
1323 483 1478 534 equuleo

135 550 311 600 appellare
331 563 401 586 non
421 554 546 599 posset,
567 561 654 585 eum
675 552 818 585 accuset
834 548 981 584 solutus.

213 612 259 648 Π.
316 615 349 648 4.
376 611 569 648 Perturbat
597 624 665 654 me,
678 610 718 647 C.
739 610 867 655 Caesar,
888 610 995 646 etiam
1017 609 1123 646 ¹illud
1151 609 1352 654 interdum3
1381 608 1478 658 quod

135 680 268 719 tamen,
290 687 403 724 quum
418 679 453 710 te
469 674 610 724 penitus
630 673 830 724 recognovi,
842 674 966 710 timere
980 673 1122 710 desino:
1150 686 1187 709 re
1201 672 1296 709 enim
1315 672 1477 721 iniquum

136 742 198 783 est,
218 737 281 773 sed
302 742 363 773 tua
382 737 555 786 sapientia
573 737 613 772 fit
631 736 884 786 aequissimum.
939 735 1037 772 Nam
1057 735 1173 772 dicere
1201 735 1300 785 apud
1327 748 1412 771 eum
1433 735 1478 770 de

135 799 297 846 facinore,
317 804 439 836 contra
459 799 558 849 cujus
577 799 688 835 vitam
716 798 728 815 ²
740 798 924 835 consilium
951 798 1111 835 facinoris
1140 798 1242 834 inisse
1273 810 1431 847 arguare,
1451 796 1478 832 si

136 875 198 912 per
217 875 253 899 se
272 862 389 912 ipsum
415 862 620 907 consideres,
650 874 757 911 grave
789 866 863 908 est;
891 874 999 898 nemo
1019 861 1114 897 enim
1143 860 1213 897 fere
1245 865 1306 905 est,
1336 860 1397 909 qui
1426 859 1478 895 sui

136 925 279 974 periculi
295 925 415 975 judex,
436 938 507 961 non
534 925 600 961 sibi
630 937 667 960 se
699 924 925 973 ³aequiorem,
956 936 1068 973 quam
1099 936 1159 959 reo
1183 923 1352 972 praebeat.
1407 922 1479 958 Sed

136 992 208 1033 tua,
230 988 359 1033 Caesar,
379 994 550 1037 praestans
577 986 836 1037 singularisque
857 991 984 1022 natura
1011 986 1105 1022 hune
1133 985 1221 1021 mihi
1249 990 1387 1022 metum
1416 984 1481 1020 mi-

136 1051 234 1095 nuit;
263 1063 334 1087 non
349 1051 445 1087 enim
465 1055 539 1086 tam
560 1050 680 1095 timeo,
700 1049 711 1066 ⁴
723 1049 810 1099 quid
830 1054 870 1085 tu
891 1049 935 1085 de
954 1061 1039 1098 rege
1059 1048 1236 1093 Deiotaro,
1256 1061 1366 1097 quam
1380 1047 1480 1084 intel-

136 1112 217 1162 ligo,
238 1113 325 1162 quid
346 1113 391 1149 de
411 1118 446 1149 te
466 1118 599 1149 ceteros
612 1112 696 1149 velis
712 1112 883 1162 judicare.
940 1114 972 1149 5.
993 1111 1160 1148 “Moveor
1172 1111 1279 1147 etiam
1295 1111 1361 1147 loci
1373 1110 1479 1160 ipsius

135 1175 330 1221 insolentia,
351 1176 448 1225 quod
468 1180 605 1211 tantam
627 1188 783 1220 causam,
804 1179 939 1224 quanta
958 1174 1054 1210 nulla
1073 1186 1232 1223 unquam
1251 1173 1288 1209 in
1309 1173 1480 1222 discepta-

135 1238 229 1274 tione
250 1243 388 1274 veisata
407 1242 470 1284 est,
490 1238 571 1274 dico
590 1238 681 1274 intra
701 1237 914 1274 domesticos
940 1237 1099 1286 parietes,
1118 1236 1198 1273 dico
1216 1241 1313 1273 extra
1333 1248 1480 1272 conven-

136 1304 213 1335 tum
234 1304 270 1336 et
288 1312 370 1336 eam
395 1300 644 1349 frequentiam,
664 1300 700 1335 in
719 1313 791 1349 qua
812 1299 1011 1336 ὓ0131010111
1040 1298 1158 1335 studia
1189 1298 1251 1334 niti
1281 1297 1415 1335 solent:
1442 1298 1479 1334 in

138 1362 205 1398 tuis
224 1362 341 1408 oculis,
360 1363 396 1398 in
415 1368 478 1399 tuo
498 1376 557 1400 ore
577 1363 748 1413 vultuque
768 1363 975 1412 acquiesco3
1003 1367 1039 1398 te
1059 1375 1173 1398 unum
1192 1361 1349 1407 intueor;
1378 1361 1423 1398 ad
1442 1366 1478 1398 te

136 1438 248 1461 unum
268 1426 382 1462 omnis
402 1438 483 1462 mea
500 1430 639 1475 spectat
657 1425 776 1462 oratio.
831 1426 842 1442 ⁷
854 1425 943 1468 Quae
963 1424 1049 1460 mihi
1071 1425 1117 1460 ad
1145 1437 1246 1473 spem
1274 1423 1478 1460 obtinendae

136 1488 287 1524 veritatis
306 1488 511 1537 graxissima
529 1494 621 1534 511111,
642 1489 689 1525 ad
709 1493 850 1525 motum
871 1488 990 1533 animi,
1009 1492 1045 1524 et
1064 1487 1111 1523 ad
1130 1499 1278 1524 omnem
1303 1486 1480 1536 impetum

137 1551 277 1588 dicendi
294 1551 628 1600 contentionemque
648 1551 786 1588 1011013.
842 1554 875 1587 6.
902 1550 1010 1587 Η3110
1024 1550 1130 1596 enim,
1143 1549 1183 1586 C.
1195 1549 1323 1596 Caesar,
1336 1561 1480 1586 causam

135 1615 163 1650 si
182 1614 219 1650 in
237 1614 312 1651 foro
331 1614 496 1660 dicerem,
517 1615 646 1651 eodem
666 1614 834 1651 audiente
854 1619 890 1651 et
909 1614 1128 1663 disceptante
1143 1617 1189 1659 te,
1203 1617 1377 1662 quantam
1391 1611 1478 1648 mihi

136 1677 354 1714 alacritatem
374 1677 494 1727 populi
514 1677 670 1714 Romani
699 1690 887 1714 concursus
913 1677 1070 1714 afferret!
1123 1676 1211 1719 Quis
1230 1675 1326 1712 enim
1345 1675 1427 1712 civis
1445 1674 1477 1711 ei

135 1740 212 1790 regi
231 1753 302 1777 non
332 1740 473 1786 faveret,
501 1740 599 1789 eujus
631 1753 778 1776 omnem
808 1744 953 1776 aetatem
981 1739 1018 1775 in
1047 1738 1168 1788 populi
1197 1737 1350 1774 Romani
1379 1737 1478 1774 bellis

136 1807 386 1852 consumptam
406 1815 480 1839 esse
494 1802 736 1839 meminisset?
791 1802 1001 1851 Spectarem
1016 1801 1160 1847 curiam,
1179 1800 1333 1837 intuerer
1350 1800 1478 1846 forum,

135 1865 266 1902 coelum
280 1865 435 1914 denique
449 1869 595 1901 testarer
612 1865 739 1914 ipsum.
793 1864 860 1910 Sic,
876 1877 989 1913 quum
1005 1868 1041 1900 et
1053 1864 1200 1901 deorum
1212 1863 1478 1909 immortalium,

135 1932 172 1965 et
189 1927 311 1977 populi
330 1927 495 1973 Romani,
516 1931 551 1963 et
569 1931 713 1963 senatus
731 1927 903 1964 beneficia
921 1927 957 1963 in
981 1939 1105 1976 regem
1132 1926 1341 1963 Deiotarum
1367 1939 1479 1963 recor-

135 1991 247 2037 darer,
266 1990 363 2028 nullo
381 1990 492 2028 modo
520 1989 610 2026 mihi
628 1990 750 2027 deesse
778 1994 895 2040 posset
926 1990 1045 2027 oratio.
1102 1989 1134 2026 7.
1163 1988 1275 2033 ⁸Quae
1306 1989 1477 2039 quoniam

135 2053 341 2103 angustiora
358 2053 511 2103 parietes
524 2052 665 2100 faciunt,
679 2052 841 2102 actioque
859 2052 1028 2089 maximae
1044 2065 1158 2089 causae
1175 2051 1377 2089 debilitatur
1390 2051 1477 2097 loco,

134 2121 239 2153 tuum
254 2121 316 2163 est,
336 2116 466 2162 Caesar,
481 2115 544 2166 qui
561 2117 625 2165 pro
643 2115 767 2152 multis
784 2128 880 2165 saepe
900 2115 1028 2161 dixisti,
1043 2115 1130 2165 quid
1150 2115 1237 2151 mihi
1252 2127 1347 2151 nunc
1367 2114 1476 2151 animi

134 2179 187 2225 sit,
213 2179 284 2215 ”ad
316 2183 352 2215 te
383 2179 502 2228 ipsum
533 2178 681 2225 referre3
709 2191 782 2228 quo
813 2177 947 2215 facilius
979 2190 1093 2227 quum
1125 2177 1274 2227 aequitas
1306 2181 1378 2222 1113,
1397 2181 1475 2212 tum

134 2241 301 2278 audiendi
322 2241 506 2291 diligentia
524 2241 664 2277 minuat
690 2241 784 2277 hanc
811 2240 1112 2290 perturbationem
1141 2252 1272 2276 meam.
1325 2239 1398 2276 Sed
1417 2251 1477 2275 an-

135 2308 279 2353 tequam
301 2304 346 2341 de
365 2290 588 2340 accusatione
607 2303 684 2353 ipsa
703 2303 792 2349 dico,
812 2303 858 2340 de
877 2307 1122 2339 accusatorum
1141 2315 1204 2352 spe
1217 2313 1332 2352 pauca
1345 2301 1476 2338 dicam.

135 2366 240 2410 ¹⁰Quj
262 2380 376 2417 quum
406 2367 594 2404 videantur
623 2379 690 2403 nec
718 2366 871 2416 ingenio,
901 2379 968 2403 nec
996 2379 1063 2402 usu
1093 2370 1202 2415 atque
1227 2363 1475 2402 exercitatione
