1596 2643
465 100 604 126 ORATIO
634 100 706 125 PRO
739 99 771 124 A.
799 100 944 124 monuo
973 100 1129 126 ARCHIA.
1421 89 1470 126 47

124 205 221 243 nullo
249 205 358 243 modo
384 209 541 255 possunt,
569 204 768 254 repudiare,
796 203 947 249 tabulas,
978 203 1103 254 ¹²quas
1130 204 1228 240 idem
1249 204 1335 240 dicis
1363 204 1472 241 solere

123 269 311 318 eorrumpi,
339 268 549 305 desiderare.
604 271 638 304 9.
668 267 765 304 ¹³An
792 267 1015 303 domicilium
1049 266 1176 304 Romae
1214 279 1285 303 non
1320 266 1471 304 habuit?

122 332 184 382 qui
203 336 257 368 tot
276 332 386 377 annis,
407 336 488 368 ante
503 330 682 368 civitatem
698 330 832 376 datam,
851 330 975 366 sedem
990 329 1153 366 omnium
1172 342 1293 366 rerum
1313 342 1355 366 ac
1368 330 1473 376 fortu-

122 407 252 432 narum
270 407 417 431 suarum
437 394 564 431 Romae
585 393 788 430 collocavit?
845 393 934 429 1*An
953 406 1025 430 non
1045 397 1096 429 est
1115 392 1313 442 professus?
1368 391 1393 408 ¹⁵
1405 392 1474 427 Im-

121 470 184 494 mo
198 470 281 494 vero
299 457 340 494 iis
354 457 484 494 tabulis
499 456 683 506 professuS,
699 468 783 506 quae
797 456 880 492 solze
897 469 938 493 ex
953 455 1012 492 illa
1026 455 1236 505 professione
1252 454 1472 505 collegioque

121 525 316 572 praetorum
335 520 498 557 obtinent
516 519 745 570 publicarum
764 519 971 557 tabularum
991 519 1249 556 auctontatem.

201 583 247 620 V.
277 583 397 620 ¹Nam
417 596 532 633 quum
553 583 662 633 Appii
682 583 814 620 tabulae
843 571 1083 632 negligentius
1111 586 1297 619 asservatae
1319 581 1475 618 diceren-

123 650 188 693 tur,
210 646 363 692 Gabinii,
391 646 568 696 quamdiu
597 646 784 683 incolumis
818 646 894 692 fuit,
922 645 1054 692 levitas,
1090 650 1170 696 post
1205 644 1475 682 damnationem

121 709 314 756 calamitas,
343 722 489 746 omnem
517 709 725 746 tabularum
750 709 860 746 fidem
889 709 1144 759 ²1·esigliasset;
1172 708 1346 754 Metellus,
1365 707 1475 745 homo

120 772 362 810 sanctissimus
381 772 735 822 modestissimusque
755 772 927 818 omnium,
947 776 1048 808 tanta
1067 771 1251 821 diligentia
1272 771 1347 817 fuit,
1367 775 1409 807 ut
1428 771 1475 808 ad

122 834 162 872 L.
192 835 387 873 Lentulum
414 840 604 886 praetorem
634 840 670 872 et
698 835 745 873 ad
782 835 793 852 ³
799 835 938 886 judices
966 835 1101 872 venen't
1128 840 1165 872 et
1192 835 1296 871 unius
1324 833 1475 872 nominis

122 898 229 936 litura
247 911 285 935 se
305 903 529 935 commotum
545 911 618 936 esse
634 898 769 935 dixerit.
824 898 893 935 His
911 898 1018 948 igitur
1031 898 1161 935 tabulis
1176 898 1311 934 nullam
1331 897 1475 934 lituram

121 962 158 999 in
183 962 327 999 nomine
355 962 400 998 A.
420 961 543 998 Licinii
571 962 706 998 videtis.
763 965 820 998 10.
849 961 943 1005 Qute
971 975 1087 1012 quum
1113 961 1164 998 ita
1190 961 1269 1008 sint,
1297 961 1385 1011 quid
1413 965 1475 1007 est,

122 1025 222 1076 quod
242 1025 287 1063 de
307 1025 383 1075 ejus
409 1025 573 1062 “civitate
594 1025 773 1071 dubitetis,
802 1025 998 1075 praesertim
1028 1012 1143 1075 quum
1171 1025 1246 1061 aliis
1274 1037 1420 1075 quoque
1439 1024 1475 1061 in

122 1088 325 1125 civitatibus
343 1088 451 1125 fuerit
470 1088 692 1138 adscriptus?
743 1088 886 1125 Etenim
901 1101 1016 1138 quum
1035 1088 1275 1126 mediocribus
1294 1088 1423 1135 multis,
1439 1092 1476 1125 et

122 1155 187 1188 aut
218 1151 327 1197 nulla,
347 1155 412 1187 aut
439 1150 569 1187 humili
600 1150 722 1201 aliqua
751 1156 825 1187 alte
857 1151 1023 1201 praeditis,
1041 1151 1411 1201 gratuitovcivitatem
1440 1151 1474 1187 in

122 1214 264 1251 Graecia
281 1213 446 1251 homines
465 1213 727 1263 impertiebant,
749 1213 953 1264 ⁶Rheginos
972 1214 1088 1260 credo,
1110 1218 1174 1250 aut
1192 1213 1392 1261 Locrenses,
1412 1219 1476 1251 aut

121 1276 388 1328 Neapolitanos,
408 1281 473 1314 aut
490 1276 708 1323 Tarentinos,
726 1277 828 1327 quod
848 1276 1014 1314 “scenicis
1033 1277 1225 1314 artificibus
1244 1277 1361 1327 largiri
1389 1277 1476 1314 sole-

124 1340 220 1388 bant,
233 1341 272 1378 id
286 1340 381 1387 huic,
396 1353 543 1377 summa
554 1340 685 1390 ingenii
700 1340 860 1390 praedito,
873 1340 984 1390 gloria
998 1340 1159 1378 noluisse.
1193 1341 1205 1358 ⁷
1216 1340 1337 1384 Quid?
1358 1354 1476 1391 quum

123 1404 240 1450 ceteri,
269 1416 342 1441 non
370 1404 482 1441 modo
515 1403 620 1454 ‘'post
646 1403 827 1440 ciw'tatem
858 1404 992 1450 datam,
1024 1404 1089 1441 sed
1119 1404 1228 1441 etiam
1260 1410 1340 1454 post
1358 1404 1475 1454 legem

122 1467 286 1517 Papiam,
307 1467 428 1517 aliquo
451 1467 562 1504 modo
580 1466 617 1502 in
636 1480 759 1503 eorum
787 1467 1067 1517 municipiorum
1096 1467 1238 1504 tabulas
1267 1468 1476 1518 irrepserint,

116 1526 192 1578 hic,
211 1530 275 1580 qui
294 1542 339 1567 ne
360 1530 474 1566 utitur
492 1530 642 1580 quidem
664 1530 738 1576 illis,
758 1530 796 1566 in
815 1530 949 1580 quibus
968 1534 1020 1567 est
1037 1530 1197 1580 sciiptus,
1216 1531 1317 1581 quod
1335 1544 1476 1582 semper

121 1606 160 1631 se
178 1593 449 1631 Heracliensem
478 1606 552 1630 esse
580 1593 701 1640 voluit,
729 1593 930 1643 rejicietur?
987 1597 1046 1630 11.
1075 1594 1235 1631 ⁹Census
1262 1599 1397 1632 nostros
1424 1608 1477 1632 re-

122 1656 243 1708 quiris.
292 1655 492 1693 ¹⁰Scilicet:
521 1660 575 1693 est
593 1656 689 1692 enim
708 1656 915 1703 obscurum,
930 1656 1132 1706 1¹proximis
1152 1657 1365 1704 censoribus,
1377 1657 1476 1695 hunc

122 1733 207 1757 cum
227 1719 419 1757 clarissimo
445 1719 668 1769 imperatore,
687 1719 727 1756 L.
745 1719 906 1766 Lucullo,
935 1720 1034 1770 apud
1062 1720 1258 1757 exercitum
1285 1720 1400 1768 fuisse,
1419 1734 1477 1758 su-

122 1783 328 1834 perioribus,
357 1795 444 1820 cum
473 1782 604 1820 eodem
632 1787 809 1832 quaestore
837 1782 941 1819 fuisse
968 1783 1005 1819 in
1033 1783 1130 1830 Asia,
1158 1783 1289 1833 plimis,
1316 1783 1412 1821 Julio
1440 1789 1476 1821 et

122 1846 259 1893 Crasso,
278 1845 416 1882 nullam
433 1845 558 1896 populi
581 1851 721 1896 partem
742 1858 816 1883 esse
836 1859 992 1883 censam.
1046 1846 1129 1893 Sed,
1149 1847 1321 1897 quoniam
1350 1860 1475 1884 census

121 1922 194 1947 non
221 1909 281 1960 jus
303 1908 452 1946 civitatis
482 1908 678 1955 confirmat,
701 1921 743 1946 ac
772 1909 1027 1946 tantummodo
1053 1909 1197 1956 indicat,
1217 1923 1312 1956 eum,
1341 1910 1402 1960 qui
1432 1910 1476 1946 sit

123 1985 258 2019 census,
277 1972 328 2009 ita
343 1984 382 2009 se
395 1972 474 2022 jam
491 1975 572 2008 tum
587 1971 734 2021 gessisse
752 1985 817 2022 pro
831 1972 906 2009 cive
921 1984 928 2009 :
957 1972 996 2008 iis
1015 1973 1247 2023 temporibuS,
1267 1973 1293 1991 ¹²
1304 1986 1414 2023 quein
1435 1978 1475 2010 tu

123 2035 318 2073 criminaris
336 2048 381 2073 ne
399 2035 509 2086 ipsius
527 2035 678 2086 quidem
692 2035 828 2086 judicio
841 2035 877 2072 in
893 2035 1024 2072 civium
1044 2035 1289 2074 Romanorum
1305 2037 1384 2084 jure
1400 2049 1474 2073 esse

122 2102 314 2144 versatum,
329 2102 366 2135 et
383 2102 642 2136 testamentum
661 2111 757 2148 saepe
771 2098 854 2135 fecit
873 2099 997 2136 nostris
1016 2098 1167 2149 legibus,
1180 2104 1216 2135 et
1236 2098 1261 2116 ¹³
1272 2099 1359 2136 adiit
1376 2099 1475 2136 here-

122 2161 254 2201 ditates
273 2161 406 2198 civium
423 2161 686 2209 Romanorum,
705 2167 742 2199 et
771 2162 795 2180 ¹¹¹
806 2163 843 2199 in
861 2163 1043 2200 beneficiis
1072 2163 1119 2199 ad
1139 2162 1305 2199 zei-alium
1334 2153 1474 2200 delatus

122 2229 176 2262 est
193 2237 215 2262 a
233 2223 273 2261 L.
291 2223 442 2261 Lucullo
465 2224 697 2275 proconsule?

200 2286 266 2324 VI.
296 2285 451 2330 'Quaere
479 2292 704 2340 argumenta,
730 2288 759 2325 si
787 2301 870 2338 quae
899 2293 1010 2338 potos
1063 2287 1263 2338 Nunquam
1291 2287 1388 2325 enim
1413 2287 1474 2326 hic

121 2361 242 2402 neque
260 2340 337 2397 suo,
345 2361 467 2401 neque
486 2350 683 2389 amicorum
696 2351 834 2402 judicio
854 2352 1083 2389 ’revixit-etur.
