1596 2643
85 116 132 149 22
495 124 632 150 ORATIO
660 125 700 149 11.
728 124 771 149 m
799 124 1015 150 CATILINAM.

81 227 233 274 Videtur,
258 231 300 263 ut
326 240 445 277 neque
473 227 590 264 bonus
615 227 809 278 quisquam
837 227 997 274 intereat,
1014 240 1287 278 paucorumque
1315 239 1420 277 poena

81 302 143 326 vos
165 289 243 340 jam
272 302 396 326 omnes
423 289 510 326 salvi
539 302 613 326 esse
641 290 789 339 possitis.
845 294 902 327 29.
931 290 1022 334 Quae
1044 290 1193 341 quidem
1215 303 1283 339 ego
1302 301 1420 339 neque

80 365 165 389 mea
197 352 396 402 prudentia,
425 365 544 402 neque
577 352 747 389 humanis
779 353 931 390 consiliis
967 354 1076 390 fretus
1113 353 1278 403 polliceor
1310 352 1420 398 vobis,

81 415 259 461 Quirites3
288 415 352 451 sed
372 414 496 450 multis
516 419 554 451 et
572 428 644 452 non
665 415 784 452 dubiis
805 416 958 453 deorum
983 416 1245 453 immortalium
1266 414 1420 465 ³signifi-

80 478 290 523 caltionibus,
311 478 443 527 quibus
463 491 532 527 ego
553 478 705 515 ducibus
725 478 761 514 in
780 478 873 515 hano
900 492 1001 528 spem
1029 479 1315 528 sententiamque
1340 491 1420 514 sum

79 540 280 590 ingressusg
310 540 321 556 ⁴
333 539 395 589 qui
410 540 487 590 jam
507 553 578 576 non
597 540 730 590 procul,
753 545 791 576 ut
811 541 996 590 quondam
1019 541 1190 587 solebant⁷
1211 541 1256 577 ab
1276 545 1422 577 externo

79 601 178 639 hoste
199 608 307 652 atque
328 602 536 652 longinquo,
555 603 620 639 sed
640 602 698 639 hie
717 608 909 653 praesentes
928 616 993 639 suo
1013 603 1161 639 numine
1190 609 1299 652 atque
1324 602 1423 639 auxi-

78 665 126 702 lio
144 677 210 701 sua
233 664 369 714 templa
396 670 506 715 atque
534 665 633 702 urbis
661 670 755 702 tecta
783 666 1002 712 defendunt3
1032 665 1144 716 ⁶quos
1164 678 1235 711 vos,
1256 665 1421 710 Quirites,

77 727 224 777 precari,
245 727 416 776 venerari,
434 732 544 778 atque
572 728 762 778 implorare
791 728 939 775 debetis,
967 733 1017 775 ut,
1046 741 1158 778 quam
1188 728 1316 764 urbem
1346 727 1422 777 pul-

77 789 304 836 cherrimam,
323 790 621 837 florentissimam,
637 791 995 841 potentissimamque
1015 803 1090 827 esse
1106 790 1305 836 voluerunt,
1320 790 1421 834 hane,

77 852 245 889 omnibus
264 852 422 889 hostium
438 853 548 902 copiis
568 857 662 889 terra
682 853 847 903 marique
861 853 1046 903 superatis,
1059 866 1081 889 a
1099 852 1422 903 perditissimorum

77 915 212 952 civium
231 915 366 953 nefario
384 915 515 953 scelere
536 915 740 953 defendant.
