1596 2643
89 133 135 165 14
498 142 633 167 ORATIO
662 143 700 167 11.
729 143 770 167 IN
799 142 1014 168 CATILINAM.

85 244 230 281 mallem
261 257 385 281 secum
422 258 504 281 suos
541 244 669 281 milites
701 245 901 282 edum'sset:
941 245 1025 295 ⁶qui
1057 246 1085 281 si
1115 245 1174 283 1110
1205 250 1422 296 permanent,

85 311 302 343 mementote
332 320 403 343 non
432 311 508 343 tam
538 307 731 343 exercitum
760 307 861 343 illum
889 321 962 344 esse
993 308 1105 356 nobis,
1122 321 1231 358 quam
1260 309 1335 355 hos,
1363 309 1424 359 qui

85 369 278 406 exercitum
306 370 546 416 deseruerunt,
573 370 881 419 pertimescendos.
940 371 1061 420 Atque
1091 371 1181 408 ⁷hoc
1209 371 1317 408 etiam
1343 376 1425 408 sunt

85 431 233 467 timendi
254 432 376 480 magiS,
393 431 500 480 quod,
517 432 604 480 quid
624 431 789 481 cogitent,
809 445 868 468 me
888 432 975 469 scire
994 433 1158 477 sentiunt,
1167 446 1283 483 neque
1304 438 1425 469 tamen

85 498 341 542 permoventur.
408 497 440 530 6.
469 493 617 539 ³Video,
651 493 707 530 cui
739 493 783 529 sit
810 493 943 542 Apulia
975 494 1151 540 attributa,
1182 495 1260 544 quis
1292 495 1426 533 'habeat

85 555 270 601 Etruriam,
290 555 367 605 quis
387 569 513 605 agrum
534 556 718 602 Picenum,
739 556 816 606 quis
837 556 1023 602 Gallicum,
1043 557 1119 606 quis
1146 557 1211 593 sibi
1240 557 1303 593 has
1323 558 1427 594 urba-

84 630 147 653 nas
166 618 307 654 insidias
328 619 434 655 credis
454 623 561 668 atque
581 619 825 655 incendiorum
845 619 1097 668 depoposcerit.
1152 619 1284 656 Omnia
1304 620 1428 669 9supe-

84 680 179 716 rioris
199 680 309 717 noctis
329 681 470 717 consilia
489 681 536 717 ad
555 694 614 717 me
633 681 768 731 perlata
787 694 860 718 esse
880 681 1052 728 sentiunt3
1077 682 1229 731 patefeci
1246 682 1283 718 in
1301 687 1427 719 senatu

84 742 248 779 hesterno
267 743 343 789 dic3
370 743 521 780 Catilina
539 744 612 793 ipse
633 744 825 793 pertimuit,
839 743 1011 793 profugit:
1040 744 1075 780 hi
1096 744 1182 794 quid
1202 746 1426 794 exspectant?

84 804 120 840 N
124 818 153 841 10
174 804 219 840 illi
241 805 469 842 vehementer
488 811 613 853 errant,
632 806 660 842 si
681 805 779 842 illam
801 819 922 842 meam
942 806 1124 855 pristinam
1146 806 1329 843 lenitatem
1351 820 1427 856 per-

84 872 230 916 petuam
249 872 392 917 sperant
409 868 575 904 futuram.

163 930 226 966 IV.
276 930 381 973 Quod
402 930 609 980 exspectavi,
625 930 701 980 jam
720 943 801 966 sum
821 934 1007 976 assecutus,
1022 934 1062 966 ut
1081 943 1141 967 vos
1160 943 1284 967 omnes
1296 931 1426 967 tactam

85 1004 159 1028 esse
190 997 309 1041 aperte
335 993 611 1042 conjurationem
641 998 762 1029 contra
790 1006 865 1029 rem
894 992 1074 1042 publicam
1102 993 1273 1029 videretis.
1329 993 1427 1029 ¹Nisi

85 1068 167 1091 vero
185 1056 213 1090 si
234 1055 311 1105 quis
331 1060 392 1101 est,
405 1056 465 1105 qui
478 1055 639 1092 Catilinae
659 1055 788 1091 similes
809 1068 890 1091 cum
906 1055 1059 1091 Catilina
1077 1055 1205 1091 sentire
1225 1068 1296 1091 non
1316 1060 1427 1104 putet.

85 1117 169 1154 Non
190 1123 242 1154 est
265 1119 342 1168 jam
370 1118 504 1155 lenitati
531 1118 650 1155 locus:
679 1118 899 1155 severitatem
926 1130 981 1154 res
999 1117 1075 1167 ipsa
1101 1117 1247 1166 flagitat.
1300 1117 1426 1154 Unum

87 1181 194 1217 etiam
209 1194 303 1218 nunc
319 1182 534 1219 concedam:
554 1182 566 1198 2
577 1186 714 1226 exeant,
726 1181 1047 1231 pi·oficiscant1n·,ne
1062 1180 1239 1230 patiantur
1254 1181 1428 1218 desiderio

85 1243 136 1279 sui
153 1243 342 1279 Catilinam
361 1245 531 1281 miserum
551 1245 740 1281 tabescere.
795 1243 1057 1279 Demonstrabo
1082 1243 1168 1279 iter:
1198 1243 1358 1280 ³Aurelia
1371 1244 1428 1280 w'a

85 1306 259 1356 profectus
290 1311 351 1343 est.
416 1307 452 1343 Si
486 1307 679 1343 accelerare
709 1306 837 1351 volent,
868 1306 914 1341 ad
943 1318 1126 1354 vesperam
1160 1311 1427 1356 consequentur.

90 1369 120 1406 7.
149 1369 181 1405 O
200 1369 414 1405 tortunatam
444 1382 519 1405 10111
547 1369 737 1419 publicam,
757 1369 784 1404 si
814 1368 960 1417 quidem
980 1367 1095 1404 ⁴hanc
1122 1369 1296 1404 sentinam
1324 1369 1428 1419 hujus

86 1431 182 1468 urbis
202 1431 364 1481 cjeceritl
418 1431 502 1468 Uno
522 1431 725 1467 mehercule
747 1430 899 1466 Catilina
918 1429 1098 1476 exhausto,
1108 1429 1261 1466 relevata
1285 1430 1373 1466 mihi
1393 1435 1429 1467 et

86 1498 245 1529 recreata
263 1506 315 1529 res
336 1493 477 1542 publica
496 1493 644 1529 videtur.
691 1492 786 1535 Quid
807 1492 901 1528 enim
921 1491 1006 1527 mali
1026 1496 1088 1527 aut
1106 1491 1243 1528 sceleris
1262 1492 1346 1541 fingi
1367 1496 1430 1528 aut.

87 1555 229 1605 cogitari
251 1560 374 1604 potest,
395 1555 491 1605 quod
512 1568 583 1592 non
601 1555 658 1591 ille
679 1554 902 1603 conceperit?
957 1553 1044 1596 Quis
1072 1557 1147 1590 tota
1174 1553 1275 1590 Italia
1303 1555 1430 1590 venefi-

87 1630 157 1663 cus,
188 1618 266 1666 quis
295 1617 478 1667 gladiator,
509 1617 586 1667 quis
616 1617 714 1663 latro,
745 1617 822 1666 quis
854 1615 1005 1661 sicarius,
1036 1615 1114 1665 quis
1143 1615 1324 1664 parricida,
1352 1615 1430 1665 quis

89 1680 403 1717 511051111110111ιο111111
437 1681 622 1729 subjector,
656 1680 733 1729 quis
767 1678 1055 1727 circumscriptor,
1086 1677 1163 1727 quis
1195 1690 1320 1727 ganeo,
1351 1679 1430 1728 quis

87 1755 206 1792 nepos,
227 1742 303 1791 quis
324 1741 471 1787 adulter,
492 1755 572 1791 quac
602 1742 728 1778 mulier
754 1741 902 1785 infamis,
923 1740 1000 1790 quis
1025 1744 1204 1789 corruptor
1225 1740 1429 1789 juventutis,

88 1805 165 1855 quis
193 1810 385 1854 corruptus,
414 1804 491 1853 quis
518 1804 676 1853 perditus
702 1803 848 1839 inveniri
876 1807 1000 1851 potest,
1024 1802 1084 1851 qui
1111 1815 1147 1838 50
1177 1815 1259 1838 011111
1279 1802 1430 1839 Catilina

88 1880 158 1904 non
180 1867 442 1903 fiuuiliarissime
464 1867 584 1902 fixisse
604 1866 779 1902 fateatur?
835 1865 947 1908 ⁶Quae
969 1865 1085 1901 eaedes
1104 1877 1167 1914 per
1186 1864 1291 1901 hosce
1320 1877 1430 1901 annos

88 1929 161 1965 51110
193 1929 252 1965 1110
284 1929 376 1965 sacta
408 1929 486 1965 est?
553 1928 659 1972 Quod
691 1927 864 1964 nefarium
901 1932 1062 1976 stuprum
1100 1939 1169 1963 non
1208 1939 1271 1976 per
1302 1926 1430 1963 illum?

92 1996 123 2027 S.
153 1991 250 2027 ⁷Jam
278 2004 357 2027 vero
386 2004 465 2040 quae
495 1995 594 2027 tanta
622 2003 782 2040 unquam
809 1990 845 2025 in
874 1989 945 2025 ullo
972 1988 1116 2025 homine
1139 1988 1333 2038 juventutis
1360 1988 1425 2025 1110-

90 2055 195 2090 cebra
213 2053 287 2099 fuit,
307 2059 441 2103 quanta
459 2054 495 2089 111
514 2053 596 2090 illo?
651 2053 720 2096 Qui
741 2053 824 2089 alios
842 2052 917 2101 ipse
946 2052 1093 2088 amabat
1120 2051 1329 2100 turpissime,
1349 2051 1426 2087 alio-

92 2129 169 2152 rum
198 2116 307 2153 amori
335 2115 602 2165 flagitiosissime
630 2115 813 2159 serviebat,
835 2114 930 2150 F³aliis
956 2114 1111 2150 fructum
1139 2113 1337 2159 libidinum,
1358 2113 1431 2149 aliis

92 2185 243 2216 mortem
271 2185 467 2229 parentum,
485 2191 556 2215 non
584 2179 692 2215 modo
712 2177 938 2227 impellendo,
958 2189 1081 2213 verum
1102 2176 1209 2213 etiam
1229 2176 1430 2226 adjuvando

92 2242 330 2291 pollicebatur.
384 2241 491 2278 Nunc
511 2254 592 2277 vero
611 2254 719 2290 quam
749 2240 865 2276 subito
893 2252 963 2276 non
991 2238 1104 2275 solum
1129 2252 1171 2275 ex
1191 2239 1289 2284 urbe,
1308 2250 1431 2274 verum

92 2304 198 2340 etiam
228 2318 269 2341 ex
298 2305 399 2354 agris,
431 2305 614 2354 ingentem
647 2316 838 2339 numerum
868 2302 1085 2352 perditorum
1115 2301 1302 2338 hominum
1331 2299 1431 2336 colle-

92 2368 216 2416 gerat?
270 2367 400 2414 Nemo,
417 2380 489 2404 non
515 2367 625 2404 modo
643 2366 780 2412 Romae,
799 2365 863 2402 sed
889 2377 957 2402 nec
995 2365 1067 2402 ullo
1106 2364 1142 2401 in
1170 2363 1302 2413 angulo
1324 2362 1432 2399 totius
