1571 2651
115 125 188 159 104
498 135 634 161 omno
661 136 734 161 PRO
762 136 859 161 LEGE
885 135 1059 161 MANILIA.

111 236 289 273 stituendo
306 237 426 286 legem
446 238 712 287 promulgasset,
731 243 767 275 et
786 252 829 275 ex
848 238 917 275 1100
936 239 1012 288 ipso
1048 239 1125 276 loco
1151 239 1328 288 pemnulta
1352 240 1437 277 item

113 303 232 335 contra
250 299 366 348 legem
388 312 467 336 eam
489 301 593 336 verba
612 301 732 337 fecisti.
787 305 845 338 53.
874 301 994 344 Quid?
1022 306 1110 347 tum,
1125 315 1187 351 per
1202 302 1285 339 deos
1299 303 1438 339 immor-

84 407 87 409 ι
112 361 218 397 tales!
246 362 274 397 si
294 362 372 410 plus
391 363 486 410 apud
503 363 677 411 populum
696 363 898 399 Romanum
919 364 1105 400 auctoritas
1118 369 1190 410 tua,
1206 377 1316 414 quam
1334 365 1439 414 ipsius

112 423 230 472 populi
251 424 401 460 Romani
416 424 508 460 salus
528 426 586 460 ⁹ct
605 437 689 460 vera
708 437 815 461 causa
845 425 1015 470 valuisset,
1035 425 1141 462 hodie
1170 425 1263 462 hanc
1290 426 1437 475 gloriam

112 491 221 535 atque
241 485 309 522 1100
323 486 415 522 orbis
434 491 533 522 terrae
555 487 745 535 imperium
764 489 993 524 teneremus?
1049 488 1135 523 ¹⁰An
1151 488 1216 524 tibi
1231 494 1309 524 tum
1328 489 1440 538 impe-

113 547 205 582 rium
226 559 299 583 esse
319 547 387 583 hoc
406 547 600 592 videbatur,
625 560 739 597 quum
771 548 891 597 populi
924 548 1075 584 Romani
1103 549 1220 598 legati,
1241 555 1438 598 quaestores,

112 614 347 658 praetoresque
367 609 620 658 capiebantur?
649 622 763 659 quum
782 622 825 645 ex
845 609 1011 646 omnibus
1030 610 1214 659 provinciis
1238 616 1439 647 commeatu

112 676 147 706 et
166 671 299 719 privato
319 675 355 707 et
373 671 516 720 publico
536 671 836 720 prohibebamur?
866 684 977 721 quum
1006 671 1055 707 ita
1074 671 1193 708 clausa
1219 673 1318 708 nobis
1342 678 1440 710 erant

113 732 224 768 maria
242 733 372 779 omnia,
392 738 431 769 ut
449 746 567 783 neque
588 733 760 782 privatam
780 746 856 769 rem
883 734 1164 779 transmarinam,
1183 747 1300 783 neque
1328 735 1441 784 publi-

112 807 191 830 cam
205 795 281 843 jam
301 796 397 832 obire
418 796 620 844 possemus?

192 857 330 894 XVIII.
387 862 444 894 54.
473 858 563 900 Quae
585 858 704 894 civitas
723 862 828 894 antea
849 871 1008 907 unquam
1032 858 1107 904 fuit,
1126 871 1197 895 non
1219 859 1297 896 dico
1317 859 1440 896 ¹Athe-

111 918 295 964 niensium,
315 932 395 969 quae
414 920 497 955 satis
516 919 585 955 late
607 920 789 969 quondam
808 933 904 956 mare
925 920 1075 956 tenuisse
1096 921 1241 967 dicitur3
1268 934 1338 958 non
1359 921 1441 957 Car-

113 980 398 1029 thaginiensium,
418 981 479 1030 qui
498 981 715 1030 permultum
735 981 841 1018 classe
856 995 897 1018 ac
911 982 1096 1018 maritimis
1115 983 1222 1019 rebus
1235 983 1439 1029 valuerunt3

112 1054 182 1078 non
202 1043 432 1088 Rhodionun,
453 1056 604 1092 quorum
631 1056 743 1093 usque
765 1044 812 1080 ad
844 1049 998 1080 nostram
1028 1045 1237 1080 memoriam
1258 1045 1440 1094 disciplina

112 1105 244 1141 navalis
263 1111 299 1141 et
317 1105 425 1155 gloria
453 1106 641 1142 remansit:
670 1119 751 1155 quae
771 1100 1072 1156 civitas'unquam
1100 1106 1197 1143 ²tam
1216 1107 1338 1153 tenuis,
1358 1120 1438 1157 quae

112 1173 187 1204 tam
206 1181 314 1217 parva
332 1168 447 1204 insula
471 1168 544 1214 fuit,
564 1182 646 1218 quae
674 1181 744 1205 non
771 1175 892 1218 portus
918 1182 1007 1213 suos,
1028 1174 1063 1205 et
1089 1182 1201 1218 agros,
1222 1174 1258 1206 et
1285 1170 1440 1219 aliquam

112 1236 249 1280 partem
278 1231 427 1280 regionis
457 1236 564 1280 atquc
584 1245 653 1268 oric
674 1232 860 1268 maritimae
881 1244 944 1280 per
961 1244 998 1267 50
1017 1231 1091 1280 ipsa
1110 1232 1336 1268 defenderet?
1388 1233 1441 1268 At

112 1292 265 1339 hercule,
286 1293 444 1343 ³aliquot
463 1306 571 1329 annos
592 1293 773 1329 continuos
792 1298 872 1329 ante
900 1293 1015 1342 legem
1036 1294 1235 1340 Gabiniam,
1255 1294 1312 1330 ille
1330 1307 1441 1344 popu-

111 1355 166 1391 lus
186 1356 380 1401 Romanus,
400 1356 498 1405 cujus
518 1369 629 1405 usque
650 1356 696 1392 ad
711 1362 865 1393 nostram
885 1356 1093 1392 memoriam
1114 1368 1244 1392 nomen
1270 1356 1440 1393 invictum

111 1416 145 1452 in
166 1417 350 1452 navalibus
378 1417 506 1466 pugnis
538 1422 786 1466 permanserat,
806 1429 939 1465 magna
958 1429 1000 1453 ac
1026 1416 1140 1453 multo
1163 1417 1321 1453 maxima
1341 1422 1440 1466 parte

112 1490 181 1514 non
201 1479 309 1515 modo
328 1478 494 1524 utilitatis,
513 1479 575 1515 sed
596 1479 775 1527 dignitatis
803 1484 912 1527 atque
931 1478 1069 1527 imperii
1095 1478 1215 1514 caruit.
1269 1484 1328 1516 55.
1355 1479 1440 1526 Nos,

113 1553 263 1588 quorun]
283 1541 433 1589 majores
453 1539 686 1577 ⁴Antiochum
717 1553 837 1589 regem
870 1540 976 1576 classe
996 1540 1199 1589 Pemenque
1225 1546 1440 1590 superarunt,

111 1602 347 1651 omnibusque
374 1602 559 1638 navalibus
588 1602 718 1651 pugnis
746 1601 1061 1650 Carthaginienses,
1088 1601 1250 1638 homines
1275 1602 1312 1638 in
1339 1603 1441 1639 mari-

111 1664 206 1699 timis
231 1665 334 1700 rebus
362 1664 664 1701 exercitatissimos
691 1664 1010 1713 paratissimosque,
1030 1663 1195 1709 vicerunt,
1224 1664 1269 1700 ‘'ii
1290 1664 1385 1701 nullo
1403 1664 1440 1700 in

112 1725 188 1762 loco
202 1726 278 1774 jam
300 1727 525 1775 przedonibus
552 1739 652 1775 pares
678 1739 754 1762 esse
780 1731 991 1775 poteramus
1043 1724 1128 1770 Nos,
1147 1725 1209 1774 qui
1237 1730 1341 1762 antea
1368 1739 1439 1762 non

112 1787 220 1823 modo
239 1787 377 1823 Italiam
398 1792 512 1823 tutam
540 1787 775 1832 habebamus,
794 1787 857 1830 sed
875 1799 998 1823 omnes
1025 1786 1134 1823 socios
1159 1786 1196 1822 in
1214 1787 1346 1823 ultimis
1373 1788 1439 1824 oris

113 1849 315 1885 auctoritate
344 1849 449 1885 nostri
478 1849 616 1898 imperii
643 1848 754 1885 salvos
780 1853 945 1897 praestare
972 1852 1183 1897 poteramus,
1211 1853 1299 1894 tum,
1327 1862 1439 1898 quum

113 1911 247 1947 ὓ111511111
266 1911 383 1957 Delos,
397 1916 472 1947 tam
490 1911 609 1960 procul
629 1923 650 1947 a
669 1911 768 1947 nobis
786 1911 821 1946 in
833 1910 963 1959 Αἲξ-100
981 1910 1070 1946 mari
1090 1910 1212 1960 posita,
1228 1925 1299 1961 quo
1318 1925 1440 1948 omnes

113 1974 271 2023 undique
291 1986 373 2010 cum
392 1973 570 2010 mercibus
595 1977 702 2022 atque
729 1973 893 2009 oneribus
921 1973 1183 2018 commeabant,
1210 1974 1336 2010 referta
1354 1974 1440 2011 divi-

112 2035 174 2081 tiis,
195 2048 311 2084 parva,
330 2035 404 2072 sine
425 2048 528 2072 muro
546 2035 633 2071 nihil
652 2035 822 2080 timebat-3
852 2034 984 2070 ⁷iidem
1011 2047 1082 2071 non
1108 2035 1217 2071 modo
1244 2035 1438 2084 provinciis,

112 2102 218 2146 atque
238 2097 306 2133 oris
330 2096 440 2133 Italiae
469 2096 662 2141 maritimis,
682 2109 724 2132 ac
743 2096 912 2145 portubus
940 2095 1072 2141 nostris,
1099 2096 1164 2132 sed
1192 2096 1300 2132 etiam
1321 2097 1440 2146 Appia

110 2158 181 2207 jam
203 2159 258 2194 via
277 2159 505 2195 carebamus:
534 2165 569 2194 et
598 2157 652 2194 his
680 2157 898 2206 temporibus
927 2170 998 2193 non
1027 2157 1186 2206 pudebat
1215 2158 1439 2207 magistratus

111 2221 232 2270 populi
252 2221 414 2267 Romani,
436 2220 492 2257 ⁸in
510 2221 607 2257 1111110
625 2221 741 2270 ipsum
761 2220 878 2256 locum
898 2220 1095 2265 ascendere,
1111 2233 1220 2269 quum
1236 2233 1318 2256 eum
1338 2221 1438 2258 nobis

111 2283 260 2331 majores
289 2283 395 2319 nostri
425 2283 557 2320 exuxiis
588 2281 734 2319 nauticis
764 2286 800 2318 et
828 2281 989 2318 classium
1021 2281 1136 2332 spoliis
1167 2287 1330 2319 ornatum
1362 2282 1438 2320 reli·

111 2344 288 2393 quissent!
