1571 2651
140 111 213 144 108
525 120 660 145 omum
687 120 762 145 PRO
790 120 886 145 LEGE
915 120 1088 146 MAMLIA.

137 221 202 258 hos
222 235 332 259 annos
351 235 435 259 cum
455 222 602 272 imperio
622 223 792 269 misimus,
811 223 973 260 libidines
989 228 1025 260 et
1043 223 1196 273 injurias.
1250 222 1358 266 Quod
1377 223 1474 261 enim

137 285 261 321 fanum
282 285 411 335 putatis
431 285 465 320 in
486 285 550 321 illis
570 285 668 321 terris
688 285 835 322 ⁸nostris
849 285 1115 335 magistratibus
1135 285 1351 334 religiosum,
1366 298 1475 336 quam

139 348 317 384 civitatem
337 352 507 393 sanctam,
524 360 635 397 quam
655 348 806 384 domum
825 348 908 383 satis
922 348 1077 384 clausam
1099 360 1139 384 ae
1153 348 1331 384 munitam
1349 347 1477 385 fuisse?

139 409 258 446 Urbes
272 410 349 459 jam
369 409 561 458 locupletes
581 422 623 445 ac
643 410 791 458 copiosa}
811 410 1048 459 requiruntur,
1077 410 1230 459 ‘’quibus
1258 423 1366 447 causa
1383 410 1477 456 belli,

139 477 282 521 propter
293 471 481 520 diripiendi
495 461 738 520 cupiditatem,
750 471 927 507 inferatur.
971 475 1029 507 66.
1049 471 1214 508 Libenter
1226 471 1306 508 haee
1321 472 1346 489 ¹⁰
1358 485 1477 509 coram

140 546 225 570 cum
245 534 289 577 Q.
309 533 438 570 Catulo
458 538 493 570 et
513 533 556 576 Q.
584 532 788 578 Hortensio,
807 533 960 569 summis
980 538 1015 569 et
1034 533 1232 569 clarissimis
1253 533 1342 580 viris,
1362 534 1479 583 dispu-

139 600 255 632 tarem
288 607 296 642 3
324 600 498 632 noverunt
523 595 618 631 enim
646 594 822 631 sociorum
852 594 1008 641 vulnera,
1035 595 1158 631 vident
1185 608 1310 632 eorum
1338 595 1480 632 calami-

140 664 240 705 tates,
262 658 500 709 querimonias
523 658 685 695 audiunt.
741 658 848 695 11Pro
866 658 967 694 sociis
986 671 1046 695 vos
1066 662 1188 694 contra
1214 658 1331 695 hostes
1351 658 1481 694 exerci-

140 726 218 757 tum
238 721 379 757 mittere
399 721 540 770 putatis,
561 733 617 766 an,
644 720 800 757 hostium
828 720 1062 766 simulatione,
1093 724 1214 756 contra
1241 719 1352 756 socios
1371 724 1480 769 atque

142 784 300 821 amicos?
329 796 410 834 quae
430 783 549 820 civitas
574 787 627 819 est
653 783 690 818 in
709 782 806 828 Asia,
825 795 906 832 quae
927 795 999 819 non
1026 782 1135 819 modo
1162 782 1391 832 imperatoris,
1419 786 1481 818 aut

141 847 262 896 legati,
281 847 344 883 sed
364 846 469 883 unius
484 846 616 882 tribuni
636 846 792 882 militum
814 846 840 862 ¹²
851 845 987 882 animos
1002 858 1044 882 ae
1057 845 1198 895 spiritus
1213 858 1338 895 capere
1352 846 1480 895 possit?

220 909 362 945 XXIII.
417 909 536 952 Quare
567 908 696 944 ¹etiam
721 907 749 944 si
771 920 882 957 quem
908 907 1058 953 habetis,
1079 907 1151 957 qui,
1181 907 1339 944 ²collatis
1365 907 1480 956 signis,

142 972 318 1008 exercitus
336 971 452 1021 regios
471 984 635 1020 superare
655 984 755 1020 posse
775 970 944 1011 videatur,
960 975 1092 1015 tamen,
1113 970 1202 1005 ³nisi
1217 970 1281 1006 erit
1298 970 1406 1016 idem,
1419 970 1481 1020 qui

141 1048 178 1071 se
199 1048 221 1071 a
239 1035 401 1084 pecuniis
419 1035 606 1079 sociorum,
628 1033 688 1083 qui
709 1034 756 1070 ab
776 1046 899 1070 eorum
921 1033 1131 1082 conjugibus
1151 1045 1192 1069 ae
1211 1032 1335 1078 liberis,
1355 1033 1415 1083 qui
1435 1033 1481 1069 ab

142 1098 359 1134 ornamentis
377 1097 543 1133 fanorum
562 1101 669 1146 atque
689 1096 911 1146 oppidorum,
932 1095 995 1145 qui
1016 1096 1063 1132 ab
1083 1108 1169 1132 auro
1192 1107 1354 1145 gazaque
1373 1095 1481 1145 regia,

142 1172 280 1205 manus,
301 1159 430 1204 oculos,
452 1158 615 1194 animum
643 1157 810 1194 cohibere
838 1157 955 1207 possit,
983 1169 1054 1193 non
1073 1156 1138 1193 erit
1165 1156 1323 1203 idoneus,
1345 1157 1406 1207 qui
1435 1157 1482 1194 ad

143 1222 280 1259 bellum
299 1221 496 1258 Asiaticum
518 1221 733 1271 regiumque
753 1220 927 1256 mittatur.
983 1220 1041 1256 67.
1069 1219 1232 1270 Ecquam
1251 1220 1382 1269 putatis
1401 1220 1483 1256 civi-

143 1288 255 1320 tatem
276 1289 442 1334 pacatam
462 1283 577 1329 fuisse,
597 1283 608 1300 ⁴
621 1295 702 1333 quae
721 1282 878 1332 locuples
896 1282 962 1319 sit?
991 1294 1143 1332 ecquam
1164 1294 1238 1318 esse
1257 1282 1482 1332 locupletem,

144 1359 226 1396 quae
246 1347 319 1382 istis
338 1351 467 1396 pacata
487 1359 560 1383 esse
581 1345 765 1382 videatur?
820 1345 893 1381 Ora
912 1344 1100 1390 maritima,
1120 1344 1284 1390 Quirites,
1299 1344 1484 1387 (311.P0m-

143 1408 277 1458 peium,
296 1421 368 1445 non
386 1408 503 1445 solum
522 1412 664 1458 propter
682 1407 732 1444 rei
753 1407 911 1443 militaris
937 1406 1098 1456 gloriam,
1117 1406 1180 1443 sed
1208 1406 1316 1442 etiam
1343 1411 1484 1456 propter

144 1471 254 1507 animi
276 1471 551 1507 ⁵continentiam
571 1470 761 1520 requisivit.
816 1469 997 1506 ⁶Videbat
1016 1469 1111 1505 enim
1138 1473 1306 1518 praetores
1332 1468 1485 1519 locuple-

146 1533 211 1569 tari
240 1533 427 1583 quotannis
454 1533 606 1583 pecunia
633 1532 788 1582 publica,
816 1537 945 1582 praeter
971 1543 1124 1581 paucos;
1152 1544 1269 1582 neque
1298 1544 1357 1568 eos
1384 1531 1485 1581 quid-

146 1609 257 1645 quam
278 1596 375 1632 aliud
395 1596 535 1646 assequi
555 1595 719 1632 classium
740 1595 895 1640 nomine,
910 1594 975 1630 nisi
995 1598 1044 1640 ut,
1064 1593 1286 1630 detrimentis
1313 1594 1485 1644 aecipien-

147 1659 209 1703 dis,
230 1659 363 1708 majore
393 1659 482 1695 affici
511 1658 733 1708 turpitudine
767 1658 978 1695 w'deremur.
1031 1656 1140 1693 Nunc
1170 1657 1264 1706 ⁷qua
1291 1657 1485 1706 cupiditate

145 1720 309 1757 homines
327 1723 364 1757 in
383 1721 587 1770 provincias,
607 1721 737 1770 quibus
761 1719 918 1770 jacturis,
949 1719 1081 1769 quibus
1110 1719 1379 1765 conditionibus,
1408 1732 1485 1769 pro-

147 1782 354 1828 ficiscantur,
377 1782 544 1831 ignorant
562 1782 728 1819 videlicet
754 1781 820 1827 isti,
840 1780 902 1831 qui
930 1781 978 1817 ad
1005 1793 1119 1817 unum
1148 1780 1338 1817 deferenda
1364 1782 1484 1818 omnia

147 1857 222 1882 esse
241 1857 313 1882 non
333 1844 568 1881 arbitrantur:
597 1844 697 1894 quasi
726 1857 808 1881 vero
828 1843 893 1880 Cn.
911 1843 1141 1894 Pompeium,
1165 1856 1237 1880 non
1257 1842 1387 1894 ‘'quum
1417 1845 1487 1882 suis

148 1908 346 1954 virtutibus,
365 1913 445 1944 tum
465 1907 574 1944 etiam
595 1907 714 1944 alienis
732 1906 824 1943 vitiis
842 1920 1017 1957 magnum
1038 1919 1112 1944 esse
1131 1906 1330 1943 videamus.

229 1975 288 2008 68.
316 1971 437 2014 Quare
457 1970 563 2007 nolite
585 1970 761 2015 dubitare,
783 1970 893 2020 ⁹quin
919 1970 1004 2007 huie
1023 1970 1086 2006 uni
1106 1970 1257 2008 credatis
1275 1971 1405 2018 omnia,
1425 1984 1484 2022 qul

149 2033 240 2070 inter
258 2037 311 2070 tot
340 2046 450 2070 annos
475 2045 567 2069 unus
585 2032 748 2069 inventus
767 2032 820 2079 sit,
840 2045 950 2082 quem
971 2032 1056 2069 socii
1085 2033 1121 2069 in
1153 2033 1261 2070 urbes
1289 2046 1371 2070 suas
1403 2046 1486 2070 cum

149 2096 307 2132 exercitu
326 2095 461 2132 venisse
480 2095 674 2144 gaudeant.
727 2095 833 2138 Quod
852 2094 880 2130 si
911 2095 1180 2132 auetoritatibus
1209 2094 1302 2132 hanc
1332 2108 1486 2142 eausam,

151 2158 319 2203 Quirites,
339 2157 621 2194 confirmandam
640 2157 781 2206 putatis,
802 2161 854 2193 est
872 2156 971 2193 vobis
996 2161 1128 2202 auctor,
1148 2157 1199 2193 w'r
1217 2157 1392 2194 bellorum
1413 2170 1486 2194 om-

150 2221 251 2256 nium
272 2220 588 2269 maximarumque
607 2232 727 2256 rerum
747 2219 988 2269 peritissimus,
1008 2219 1050 2255 P.
1065 2218 1242 2265 Servilius,
1263 2219 1363 2269 eujus
1377 2223 1486 2257 tantae

151 2295 206 2319 res
225 2287 337 2332 gestae
356 2287 448 2318 terra
467 2281 632 2331 marique
657 2281 874 2327 exstiterunt,
894 2287 944 2328 ut,
964 2294 1077 2331 quum
1098 2282 1144 2318 de
1163 2281 1256 2318 bello
1277 2281 1476 2319 deliberetis

154 2349 277 2385 aucto'r
295 2345 396 2384 vobis
414 2345 555 2395 gravior
573 2357 681 2383 nemo
699 2357 774 2382 esse
793 2344 946 2392 debeat3
974 2350 1027 2382 est
1046 2344 1086 2381 C.
1106 2344 1224 2392 Curio,
1243 2344 1395 2382 summis
1412 2357 1473 2383 ves
