<?xml version="1.0" encoding="UTF-8"?>
<!DOCTYPE html PUBLIC "-//W3C//DTD XHTML 1.0 Transitional//EN"
    "http://www.w3.org/TR/xhtml1/DTD/xhtml1-transitional.dtd">
<html xmlns="http://www.w3.org/1999/xhtml" xml:lang="en" lang="en">
 <head>
  <title>
</title>
<meta http-equiv="Content-Type" content="text/html;charset=utf-8" />
  <meta name='ocr-system' content='tesseract 3.04.00' />
  <meta name='ocr-capabilities' content='ocr_page ocr_carea ocr_par ocr_line ocrx_word'/>
</head>
<body>
  <div class='ocr_page' id='page_1' title='image "./selectorations00ciceuoft_0056.png"; bbox 0 0 1596 2643; ppageno 0'>
   <div class='ocr_carea' id='block_1_1' title="bbox 151 125 1084 162">
    <p class='ocr_par' dir='ltr' id='par_1_1' title="bbox 151 125 1084 162">
     <span class='ocr_line' id='line_1_1' title="bbox 151 125 1084 162; baseline 0.002 -3"><span class='ocrx_word' id='word_1_1' title='bbox 151 125 201 159; x_wconf 87' lang='grc'>36</span> <span class='ocrx_word' id='word_1_2' title='bbox 556 136 692 161; x_wconf 84' lang='lat' dir='ltr'>ORATIO</span> <span class='ocrx_word' id='word_1_3' title='bbox 720 136 769 161; x_wconf 88' lang='lat' dir='ltr'>1v.</span> <span class='ocrx_word' id='word_1_4' title='bbox 797 137 839 161; x_wconf 82' lang='lat' dir='ltr'>IN</span> <span class='ocrx_word' id='word_1_5' title='bbox 867 136 1084 162; x_wconf 69' lang='grc' dir='ltr'><strong>οΑΤΠᾸΝΑΜ.</strong></span> 
     </span>
    </p>
   </div>
   <div class='ocr_carea' id='block_1_2' title="bbox 111 236 1488 2403">
    <p class='ocr_par' dir='ltr' id='par_1_2' title="bbox 147 236 1485 896">
     <span class='ocr_line' id='line_1_2' title="bbox 227 236 1485 286; baseline 0.003 -13"><span class='ocrx_word' id='word_1_6' title='bbox 227 236 291 273; x_wconf 85' lang='lat' dir='ltr'>III.</span> <span class='ocrx_word' id='word_1_7' title='bbox 346 242 380 274; x_wconf 88' lang='lat'>5.</span> <span class='ocrx_word' id='word_1_8' title='bbox 407 237 500 274; x_wconf 89' lang='lat' dir='ltr'>Haec</span> <span class='ocrx_word' id='word_1_9' title='bbox 518 238 638 275; x_wconf 87' lang='lat' dir='ltr'>omnia</span> <span class='ocrx_word' id='word_1_10' title='bbox 656 238 790 275; x_wconf 85' lang='lat' dir='ltr'>indices</span> <span class='ocrx_word' id='word_1_11' title='bbox 810 238 1023 285; x_wconf 88' lang='lat' dir='ltr'>detulerunt,</span> <span class='ocrx_word' id='word_1_12' title='bbox 1044 239 1113 276; x_wconf 89' lang='lat' dir='ltr'>¹rei</span> <span class='ocrx_word' id='word_1_13' title='bbox 1134 239 1280 276; x_wconf 81' lang='lat' dir='ltr'>confessi</span> <span class='ocrx_word' id='word_1_14' title='bbox 1297 245 1398 286; x_wconf 79' lang='lat' dir='ltr'>sunt3</span> <span class='ocrx_word' id='word_1_15' title='bbox 1424 253 1485 279; x_wconf 77' lang='lat' dir='ltr'>vos</span> 
     </span>
     <span class='ocr_line' id='line_1_3' title="bbox 150 299 1485 352; baseline 0.002 -17"><span class='ocrx_word' id='word_1_16' title='bbox 150 299 271 335; x_wconf 84' lang='lat' dir='ltr'>multis</span> <span class='ocrx_word' id='word_1_17' title='bbox 298 299 374 349; x_wconf 81' lang='lat' dir='ltr'>jam</span> <span class='ocrx_word' id='word_1_18' title='bbox 400 300 541 349; x_wconf 82' lang='lat' dir='ltr'>judiciis</span> <span class='ocrx_word' id='word_1_19' title='bbox 569 301 770 350; x_wconf 87' lang='lat' dir='ltr'>judicastis:</span> <span class='ocrx_word' id='word_1_20' title='bbox 798 301 965 350; x_wconf 91' lang='lat' dir='ltr'>primum,</span> <span class='ocrx_word' id='word_1_21' title='bbox 993 302 1092 351; x_wconf 92' lang='lat' dir='ltr'>quod</span> <span class='ocrx_word' id='word_1_22' title='bbox 1111 301 1199 337; x_wconf 87' lang='lat' dir='ltr'>mihi</span> <span class='ocrx_word' id='word_1_23' title='bbox 1218 302 1348 351; x_wconf 80' lang='lat' dir='ltr'>gratias</span> <span class='ocrx_word' id='word_1_24' title='bbox 1367 303 1485 352; x_wconf 82' lang='lat' dir='ltr'>egistis</span> 
     </span>
     <span class='ocr_line' id='line_1_4' title="bbox 150 361 1484 414; baseline 0.003 -17"><span class='ocrx_word' id='word_1_25' title='bbox 150 361 407 411; x_wconf 76' lang='lat' dir='ltr'>²singularibus</span> <span class='ocrx_word' id='word_1_26' title='bbox 440 362 562 408; x_wconf 84' lang='lat' dir='ltr'>verbis,</span> <span class='ocrx_word' id='word_1_27' title='bbox 593 367 629 399; x_wconf 85' lang='lat' dir='ltr'>et</span> <span class='ocrx_word' id='word_1_28' title='bbox 659 376 741 399; x_wconf 89' lang='lat' dir='ltr'>mea</span> <span class='ocrx_word' id='word_1_29' title='bbox 773 363 899 400; x_wconf 71' lang='lat' dir='ltr'>viitute</span> <span class='ocrx_word' id='word_1_30' title='bbox 914 369 1022 413; x_wconf 88' lang='lat' dir='ltr'>atque</span> <span class='ocrx_word' id='word_1_31' title='bbox 1054 364 1237 413; x_wconf 82' lang='lat' dir='ltr'>diligentia</span> <span class='ocrx_word' id='word_1_32' title='bbox 1265 365 1484 414; x_wconf 81' lang='lat' dir='ltr'>perditorum</span> 
     </span>
     <span class='ocr_line' id='line_1_5' title="bbox 149 424 1481 477; baseline 0.003 -17"><span class='ocrx_word' id='word_1_33' title='bbox 149 424 337 461; x_wconf 89' lang='lat' dir='ltr'>hominum</span> <span class='ocrx_word' id='word_1_34' title='bbox 358 425 634 474; x_wconf 83' lang='lat' dir='ltr'>conjurationem</span> <span class='ocrx_word' id='word_1_35' title='bbox 661 426 877 475; x_wconf 82' lang='lat' dir='ltr'>patefactam</span> <span class='ocrx_word' id='word_1_36' title='bbox 895 439 970 463; x_wconf 88' lang='lat' dir='ltr'>esse</span> <span class='ocrx_word' id='word_1_37' title='bbox 989 427 1208 463; x_wconf 80' lang='lat' dir='ltr'>decrevistis:</span> <span class='ocrx_word' id='word_1_38' title='bbox 1237 428 1366 464; x_wconf 89' lang='lat' dir='ltr'>deinde</span> <span class='ocrx_word' id='word_1_39' title='bbox 1387 429 1481 477; x_wconf 88' lang='lat' dir='ltr'>quod</span> 
     </span>
     <span class='ocr_line' id='line_1_6' title="bbox 149 486 1481 538; baseline 0.003 -16"><span class='ocrx_word' id='word_1_40' title='bbox 149 486 190 522; x_wconf 89' lang='lat' dir='ltr'>P.</span> <span class='ocrx_word' id='word_1_41' title='bbox 210 486 412 532; x_wconf 78' lang='lat' dir='ltr'>Lentulum,</span> <span class='ocrx_word' id='word_1_42' title='bbox 432 491 472 522; x_wconf 90' lang='lat' dir='ltr'>ut</span> <span class='ocrx_word' id='word_1_43' title='bbox 489 499 527 523; x_wconf 89' lang='lat' dir='ltr'>se</span> <span class='ocrx_word' id='word_1_44' title='bbox 547 487 728 524; x_wconf 85' lang='lat' dir='ltr'>abdicaret</span> <span class='ocrx_word' id='word_1_45' title='bbox 747 492 909 537; x_wconf 80' lang='lat' dir='ltr'>praetura,</span> <span class='ocrx_word' id='word_1_46' title='bbox 930 489 1109 538; x_wconf 80' lang='lat' dir='ltr'>coegistis3</span> <span class='ocrx_word' id='word_1_47' title='bbox 1137 494 1217 525; x_wconf 85' lang='lat' dir='ltr'>tum</span> <span class='ocrx_word' id='word_1_48' title='bbox 1236 490 1333 538; x_wconf 92' lang='lat' dir='ltr'>quod</span> <span class='ocrx_word' id='word_1_49' title='bbox 1353 503 1437 526; x_wconf 89' lang='lat' dir='ltr'>eum</span> <span class='ocrx_word' id='word_1_50' title='bbox 1449 495 1481 526; x_wconf 81' lang='lat' dir='ltr'>et</span> 
     </span>
     <span class='ocr_line' id='line_1_7' title="bbox 149 548 1471 598; baseline 0.003 -14"><span class='ocrx_word' id='word_1_51' title='bbox 149 555 290 593; x_wconf 53' lang='lat' dir='ltr'>ceteros</span> <span class='ocrx_word' id='word_1_52' title='bbox 310 549 355 584; x_wconf 88' lang='lat' dir='ltr'>de</span> <span class='ocrx_word' id='word_1_53' title='bbox 375 548 506 597; x_wconf 85' lang='lat' dir='ltr'>quibus</span> <span class='ocrx_word' id='word_1_54' title='bbox 533 549 725 598; x_wconf 84' lang='lat' dir='ltr'>judicastis,</span> <span class='ocrx_word' id='word_1_55' title='bbox 744 550 780 585; x_wconf 91' lang='lat' dir='ltr'>in</span> <span class='ocrx_word' id='word_1_56' title='bbox 800 550 995 586; x_wconf 79' lang='lat' dir='ltr'>custodiam</span> <span class='ocrx_word' id='word_1_57' title='bbox 1015 550 1152 587; x_wconf 89' lang='lat' dir='ltr'>dandos</span> <span class='ocrx_word' id='word_1_58' title='bbox 1171 551 1358 597; x_wconf 80' lang='lat' dir='ltr'>censuistis,</span> <span class='ocrx_word' id='word_1_59' title='bbox 1376 565 1471 588; x_wconf 72' lang='lat' dir='ltr'>mam</span> 
     </span>
     <span class='ocr_line' id='line_1_8' title="bbox 149 611 1484 663; baseline 0.004 -18"><span class='ocrx_word' id='word_1_60' title='bbox 149 623 288 659; x_wconf 80' lang='lat' dir='ltr'>meque,</span> <span class='ocrx_word' id='word_1_61' title='bbox 316 611 413 660; x_wconf 87' lang='lat' dir='ltr'>quod</span> <span class='ocrx_word' id='word_1_62' title='bbox 443 624 525 647; x_wconf 88' lang='lat' dir='ltr'>meo</span> <span class='ocrx_word' id='word_1_63' title='bbox 557 611 700 648; x_wconf 87' lang='lat' dir='ltr'>nomine</span> <span class='ocrx_word' id='word_1_64' title='bbox 730 611 1022 661; x_wconf 80' lang='lat' dir='ltr'>supplicationem</span> <span class='ocrx_word' id='word_1_65' title='bbox 1042 612 1250 659; x_wconf 72' lang='lat' dir='ltr'>decrevistiS,</span> <span class='ocrx_word' id='word_1_66' title='bbox 1271 613 1355 663; x_wconf 84' lang='lat' dir='ltr'>³qui</span> <span class='ocrx_word' id='word_1_67' title='bbox 1373 614 1484 650; x_wconf 75' lang='lat' dir='ltr'>honos</span> 
     </span>
     <span class='ocr_line' id='line_1_9' title="bbox 148 672 1484 724; baseline 0.003 -17"><span class='ocrx_word' id='word_1_68' title='bbox 148 678 270 720; x_wconf 69' lang='lat' dir='ltr'>togato</span> <span class='ocrx_word' id='word_1_69' title='bbox 289 672 433 708; x_wconf 87' lang='lat' dir='ltr'>habitus</span> <span class='ocrx_word' id='word_1_70' title='bbox 452 678 534 709; x_wconf 89' lang='lat' dir='ltr'>ante</span> <span class='ocrx_word' id='word_1_71' title='bbox 554 686 613 709; x_wconf 84' lang='lat' dir='ltr'>me</span> <span class='ocrx_word' id='word_1_72' title='bbox 634 678 686 709; x_wconf 89' lang='lat' dir='ltr'>est</span> <span class='ocrx_word' id='word_1_73' title='bbox 704 673 858 719; x_wconf 81' lang='lat' dir='ltr'>nemini3</span> <span class='ocrx_word' id='word_1_74' title='bbox 886 678 1072 722; x_wconf 84' lang='lat' dir='ltr'>postremo,</span> <span class='ocrx_word' id='word_1_75' title='bbox 1084 673 1248 711; x_wconf 88' lang='lat' dir='ltr'>hesterno</span> <span class='ocrx_word' id='word_1_76' title='bbox 1267 675 1324 711; x_wconf 89' lang='lat' dir='ltr'>die</span> <span class='ocrx_word' id='word_1_77' title='bbox 1338 676 1484 724; x_wconf 84' lang='lat' dir='ltr'>praemia</span> 
     </span>
     <span class='ocr_line' id='line_1_10' title="bbox 148 732 1483 785; baseline 0.004 -17"><span class='ocrx_word' id='word_1_78' title='bbox 148 732 271 782; x_wconf 81' lang='lat' dir='ltr'>legatis</span> <span class='ocrx_word' id='word_1_79' title='bbox 299 734 537 784; x_wconf 76' lang='lat' dir='ltr'>Allobrogum</span> <span class='ocrx_word' id='word_1_80' title='bbox 567 735 715 784; x_wconf 85' lang='lat' dir='ltr'>Titoque</span> <span class='ocrx_word' id='word_1_81' title='bbox 745 734 926 771; x_wconf 83' lang='lat' dir='ltr'>Volturcio</span> <span class='ocrx_word' id='word_1_82' title='bbox 945 735 1089 771; x_wconf 85' lang='lat' dir='ltr'>dedistis</span> <span class='ocrx_word' id='word_1_83' title='bbox 1116 736 1339 785; x_wconf 85' lang='lat' dir='ltr'>amplissima.</span> <span class='ocrx_word' id='word_1_84' title='bbox 1392 737 1483 780; x_wconf 82' lang='lat' dir='ltr'>Quae</span> 
     </span>
     <span class='ocr_line' id='line_1_11' title="bbox 147 796 1483 846; baseline 0.003 -16"><span class='ocrx_word' id='word_1_85' title='bbox 147 800 230 830; x_wconf 91' lang='lat' dir='ltr'>sunt</span> <span class='ocrx_word' id='word_1_86' title='bbox 249 796 369 832; x_wconf 88' lang='lat' dir='ltr'>omnia</span> <span class='ocrx_word' id='word_1_87' title='bbox 389 797 572 846; x_wconf 84' lang='lat' dir='ltr'>ejusmodi,</span> <span class='ocrx_word' id='word_1_88' title='bbox 592 801 634 832; x_wconf 89' lang='lat' dir='ltr'>ut</span> <span class='ocrx_word' id='word_1_89' title='bbox 651 797 684 841; x_wconf 90' lang='lat' dir='ltr'>ii,</span> <span class='ocrx_word' id='word_1_90' title='bbox 704 796 766 846; x_wconf 88' lang='lat' dir='ltr'>qui</span> <span class='ocrx_word' id='word_1_91' title='bbox 785 797 821 832; x_wconf 89' lang='lat' dir='ltr'>in</span> <span class='ocrx_word' id='word_1_92' title='bbox 841 797 1037 833; x_wconf 83' lang='lat' dir='ltr'>custodiam</span> <span class='ocrx_word' id='word_1_93' title='bbox 1064 797 1273 834; x_wconf 87' lang='lat' dir='ltr'>nominatim</span> <span class='ocrx_word' id='word_1_94' title='bbox 1293 798 1367 834; x_wconf 88' lang='lat' dir='ltr'>dati</span> <span class='ocrx_word' id='word_1_95' title='bbox 1392 804 1483 845; x_wconf 91' lang='lat' dir='ltr'>sunt,</span> 
     </span>
     <span class='ocr_line' id='line_1_12' title="bbox 147 857 1197 896; baseline 0.003 -4"><span class='ocrx_word' id='word_1_96' title='bbox 147 857 220 893; x_wconf 87' lang='lat' dir='ltr'>sine</span> <span class='ocrx_word' id='word_1_97' title='bbox 240 857 312 894; x_wconf 88' lang='lat' dir='ltr'>ulla</span> <span class='ocrx_word' id='word_1_98' title='bbox 332 858 555 895; x_wconf 88' lang='lat' dir='ltr'>dubitatione</span> <span class='ocrx_word' id='word_1_99' title='bbox 575 871 596 894; x_wconf 89' lang='lat' dir='ltr'>a</span> <span class='ocrx_word' id='word_1_100' title='bbox 615 858 713 895; x_wconf 77' lang='lat' dir='ltr'>vobis</span> <span class='ocrx_word' id='word_1_101' title='bbox 733 859 891 895; x_wconf 87' lang='lat' dir='ltr'>damnati</span> <span class='ocrx_word' id='word_1_102' title='bbox 910 871 984 895; x_wconf 72' lang='lat' dir='ltr'>esse</span> <span class='ocrx_word' id='word_1_103' title='bbox 1005 859 1197 896; x_wconf 66' lang='lat' dir='ltr'>xideantur.</span> 
     </span>
    </p>

    <p class='ocr_par' dir='ltr' id='par_1_3' title="bbox 142 921 1486 1768">
     <span class='ocr_line' id='line_1_13' title="bbox 220 921 1483 972; baseline 0.002 -16"><span class='ocrx_word' id='word_1_104' title='bbox 220 924 253 956; x_wconf 88' lang='grc'>6.</span> <span class='ocrx_word' id='word_1_105' title='bbox 307 921 318 937; x_wconf 71' lang='lat'><strong>⁴</strong></span> <span class='ocrx_word' id='word_1_106' title='bbox 330 921 402 957; x_wconf 85' lang='lat' dir='ltr'>Sed</span> <span class='ocrx_word' id='word_1_107' title='bbox 423 934 490 970; x_wconf 82' lang='lat' dir='ltr'>ego</span> <span class='ocrx_word' id='word_1_108' title='bbox 508 921 641 957; x_wconf 85' lang='lat' dir='ltr'>institui</span> <span class='ocrx_word' id='word_1_109' title='bbox 660 921 787 957; x_wconf 84' lang='lat' dir='ltr'>referre</span> <span class='ocrx_word' id='word_1_110' title='bbox 800 921 845 958; x_wconf 88' lang='lat' dir='ltr'>ad</span> <span class='ocrx_word' id='word_1_111' title='bbox 866 934 935 967; x_wconf 82' lang='lat' dir='ltr'>vos,</span> <span class='ocrx_word' id='word_1_112' title='bbox 955 921 1080 957; x_wconf 86' lang='lat' dir='ltr'>Patres</span> <span class='ocrx_word' id='word_1_113' title='bbox 1092 922 1284 971; x_wconf 84' lang='lat' dir='ltr'>conscripti,</span> <span class='ocrx_word' id='word_1_114' title='bbox 1298 928 1483 972; x_wconf 85' lang='lat' dir='ltr'>tamquam</span> 
     </span>
     <span class='ocr_line' id='line_1_14' title="bbox 149 982 1483 1033; baseline 0.002 -15"><span class='ocrx_word' id='word_1_115' title='bbox 149 982 337 1032; x_wconf 59' lang='lat' dir='ltr'>integanm,</span> <span class='ocrx_word' id='word_1_116' title='bbox 358 988 394 1019; x_wconf 90' lang='lat' dir='ltr'>et</span> <span class='ocrx_word' id='word_1_117' title='bbox 423 984 469 1020; x_wconf 90' lang='lat' dir='ltr'>de</span> <span class='ocrx_word' id='word_1_118' title='bbox 499 984 601 1028; x_wconf 83' lang='lat' dir='ltr'>facto,</span> <span class='ocrx_word' id='word_1_119' title='bbox 622 983 708 1033; x_wconf 90' lang='lat' dir='ltr'>quid</span> <span class='ocrx_word' id='word_1_120' title='bbox 742 983 915 1032; x_wconf 76' lang='lat' dir='ltr'>judicetis,</span> <span class='ocrx_word' id='word_1_121' title='bbox 946 988 982 1019; x_wconf 89' lang='lat' dir='ltr'>et</span> <span class='ocrx_word' id='word_1_122' title='bbox 1001 983 1046 1019; x_wconf 93' lang='lat' dir='ltr'>de</span> <span class='ocrx_word' id='word_1_123' title='bbox 1065 996 1181 1032; x_wconf 83' lang='lat' dir='ltr'>poena,</span> <span class='ocrx_word' id='word_1_124' title='bbox 1201 984 1286 1032; x_wconf 89' lang='lat' dir='ltr'>quid</span> <span class='ocrx_word' id='word_1_125' title='bbox 1307 985 1483 1022; x_wconf 83' lang='lat' dir='ltr'>censeatis.</span> 
     </span>
     <span class='ocr_line' id='line_1_15' title="bbox 149 1042 1485 1095; baseline 0.001 -14"><span class='ocrx_word' id='word_1_126' title='bbox 149 1045 235 1081; x_wconf 77' lang='lat' dir='ltr'>⁶Illa</span> <span class='ocrx_word' id='word_1_127' title='bbox 253 1042 457 1095; x_wconf 65' lang='lat' dir='ltr'>praedicam,</span> <span class='ocrx_word' id='word_1_128' title='bbox 477 1058 559 1095; x_wconf 84' lang='lat' dir='ltr'>quae</span> <span class='ocrx_word' id='word_1_129' title='bbox 578 1050 661 1081; x_wconf 85' lang='lat' dir='ltr'>sunt</span> <span class='ocrx_word' id='word_1_130' title='bbox 680 1045 838 1082; x_wconf 88' lang='lat' dir='ltr'>consulis.</span> <span class='ocrx_word' id='word_1_131' title='bbox 909 1045 988 1094; x_wconf 84' lang='lat' dir='ltr'>Ego</span> <span class='ocrx_word' id='word_1_132' title='bbox 1019 1045 1215 1094; x_wconf 68' lang='lat' dir='ltr'>8magnum</span> <span class='ocrx_word' id='word_1_133' title='bbox 1234 1046 1270 1082; x_wconf 90' lang='lat' dir='ltr'>in</span> <span class='ocrx_word' id='word_1_134' title='bbox 1288 1059 1325 1082; x_wconf 87' lang='lat' dir='ltr'>re</span> <span class='ocrx_word' id='word_1_135' title='bbox 1344 1047 1485 1095; x_wconf 87' lang='lat' dir='ltr'>publica</span> 
     </span>
     <span class='ocr_line' id='line_1_16' title="bbox 149 1107 1485 1157; baseline 0 -14"><span class='ocrx_word' id='word_1_136' title='bbox 149 1108 273 1144; x_wconf 77' lang='lat' dir='ltr'>veis-ari</span> <span class='ocrx_word' id='word_1_137' title='bbox 293 1108 457 1153; x_wconf 88' lang='lat' dir='ltr'>furorem,</span> <span class='ocrx_word' id='word_1_138' title='bbox 478 1113 514 1144; x_wconf 90' lang='lat' dir='ltr'>et</span> <span class='ocrx_word' id='word_1_139' title='bbox 532 1120 623 1144; x_wconf 81' lang='lat' dir='ltr'>nova</span> <span class='ocrx_word' id='word_1_140' title='bbox 642 1107 810 1157; x_wconf 82' lang='lat' dir='ltr'>quaedam</span> <span class='ocrx_word' id='word_1_141' title='bbox 829 1107 966 1144; x_wconf 81' lang='lat' dir='ltr'>miscen&#39;</span> <span class='ocrx_word' id='word_1_142' title='bbox 986 1112 1021 1143; x_wconf 93' lang='lat' dir='ltr'>et</span> <span class='ocrx_word' id='word_1_143' title='bbox 1041 1107 1205 1144; x_wconf 84' lang='lat' dir='ltr'>concitan&#39;</span> <span class='ocrx_word' id='word_1_144' title='bbox 1224 1107 1319 1144; x_wconf 87' lang='lat' dir='ltr'>mala</span> <span class='ocrx_word' id='word_1_145' title='bbox 1341 1108 1485 1157; x_wconf 86' lang='lat' dir='ltr'>jampri-</span> 
     </span>
     <span class='ocr_line' id='line_1_17' title="bbox 147 1169 1484 1220; baseline 0.001 -15"><span class='ocrx_word' id='word_1_146' title='bbox 147 1169 231 1205; x_wconf 91' lang='lat' dir='ltr'>dem</span> <span class='ocrx_word' id='word_1_147' title='bbox 251 1170 437 1215; x_wconf 73' lang='lat' dir='ltr'>w&#39;debam3</span> <span class='ocrx_word' id='word_1_148' title='bbox 464 1170 527 1206; x_wconf 87' lang='lat' dir='ltr'>scd</span> <span class='ocrx_word' id='word_1_149' title='bbox 557 1169 651 1206; x_wconf 89' lang='lat' dir='ltr'>hanc</span> <span class='ocrx_word' id='word_1_150' title='bbox 676 1174 823 1215; x_wconf 84' lang='lat' dir='ltr'>tantam,</span> <span class='ocrx_word' id='word_1_151' title='bbox 856 1174 931 1205; x_wconf 90' lang='lat' dir='ltr'>tam</span> <span class='ocrx_word' id='word_1_152' title='bbox 951 1169 1133 1205; x_wconf 59' lang='lat' dir='ltr'>exitiosam</span> <span class='ocrx_word' id='word_1_153' title='bbox 1160 1169 1282 1205; x_wconf 85' lang='lat' dir='ltr'>haberi</span> <span class='ocrx_word' id='word_1_154' title='bbox 1303 1170 1484 1220; x_wconf 85' lang='lat' dir='ltr'>conjurati-</span> 
     </span>
     <span class='ocr_line' id='line_1_18' title="bbox 147 1230 1485 1281; baseline 0.001 -14"><span class='ocrx_word' id='word_1_155' title='bbox 147 1243 253 1267; x_wconf 86' lang='lat' dir='ltr'>onem</span> <span class='ocrx_word' id='word_1_156' title='bbox 283 1244 305 1268; x_wconf 87' lang='lat' dir='ltr'>a</span> <span class='ocrx_word' id='word_1_157' title='bbox 334 1232 466 1268; x_wconf 76' lang='lat' dir='ltr'>civibus</span> <span class='ocrx_word' id='word_1_158' title='bbox 488 1244 672 1281; x_wconf 88' lang='lat' dir='ltr'>nunquam</span> <span class='ocrx_word' id='word_1_159' title='bbox 694 1231 825 1280; x_wconf 69' lang='lat' dir='ltr'>putaw&#39;.</span> <span class='ocrx_word' id='word_1_160' title='bbox 878 1230 996 1276; x_wconf 83' lang='lat' dir='ltr'>Nunc,</span> <span class='ocrx_word' id='word_1_161' title='bbox 1027 1231 1225 1280; x_wconf 77' lang='lat' dir='ltr'>&#39;‘quidquid</span> <span class='ocrx_word' id='word_1_162' title='bbox 1245 1236 1306 1276; x_wconf 87' lang='lat' dir='ltr'>est,</span> <span class='ocrx_word' id='word_1_163' title='bbox 1326 1244 1485 1280; x_wconf 88' lang='lat' dir='ltr'>quocun-</span> 
     </span>
     <span class='ocr_line' id='line_1_19' title="bbox 147 1293 1484 1342; baseline 0.001 -14"><span class='ocrx_word' id='word_1_164' title='bbox 147 1305 217 1342; x_wconf 88' lang='lat' dir='ltr'>que</span> <span class='ocrx_word' id='word_1_165' title='bbox 250 1298 373 1330; x_wconf 75' lang='lat' dir='ltr'>vestrae</span> <span class='ocrx_word' id='word_1_166' title='bbox 403 1298 541 1330; x_wconf 87' lang='lat' dir='ltr'>mentes</span> <span class='ocrx_word' id='word_1_167' title='bbox 570 1293 739 1330; x_wconf 85' lang='lat' dir='ltr'>inclinant</span> <span class='ocrx_word' id='word_1_168' title='bbox 765 1298 873 1342; x_wconf 87' lang='lat' dir='ltr'>atque</span> <span class='ocrx_word' id='word_1_169' title='bbox 905 1293 1099 1339; x_wconf 76' lang='lat' dir='ltr'>sententiae,</span> <span class='ocrx_word' id='word_1_170' title='bbox 1131 1293 1361 1329; x_wconf 86' lang='lat' dir='ltr'>statuendum</span> <span class='ocrx_word' id='word_1_171' title='bbox 1387 1293 1484 1330; x_wconf 77' lang='lat' dir='ltr'>vobis</span> 
     </span>
     <span class='ocr_line' id='line_1_20' title="bbox 147 1355 1483 1401; baseline 0.001 -10"><span class='ocrx_word' id='word_1_172' title='bbox 147 1362 229 1393; x_wconf 86' lang='lat' dir='ltr'>ante</span> <span class='ocrx_word' id='word_1_173' title='bbox 257 1362 398 1393; x_wconf 83' lang='lat' dir='ltr'>noctem</span> <span class='ocrx_word' id='word_1_174' title='bbox 429 1362 491 1393; x_wconf 86' lang='lat' dir='ltr'>est.</span> <span class='ocrx_word' id='word_1_175' title='bbox 558 1357 743 1399; x_wconf 85' lang='lat' dir='ltr'>Quantum</span> <span class='ocrx_word' id='word_1_176' title='bbox 775 1356 908 1392; x_wconf 81' lang='lat' dir='ltr'>facinus</span> <span class='ocrx_word' id='word_1_177' title='bbox 940 1356 987 1392; x_wconf 87' lang='lat' dir='ltr'>ad</span> <span class='ocrx_word' id='word_1_178' title='bbox 1015 1368 1074 1392; x_wconf 82' lang='lat' dir='ltr'>vos</span> <span class='ocrx_word' id='word_1_179' title='bbox 1102 1355 1260 1392; x_wconf 87' lang='lat' dir='ltr'>delatum</span> <span class='ocrx_word' id='word_1_180' title='bbox 1279 1355 1332 1401; x_wconf 85' lang='lat' dir='ltr'>sit,</span> <span class='ocrx_word' id='word_1_181' title='bbox 1352 1355 1483 1393; x_wconf 84' lang='lat' dir='ltr'>videtis.</span> 
     </span>
     <span class='ocr_line' id='line_1_21' title="bbox 148 1417 1483 1469; baseline -0.001 -14"><span class='ocrx_word' id='word_1_182' title='bbox 148 1418 268 1456; x_wconf 83' lang='lat' dir='ltr'>⁸Huic</span> <span class='ocrx_word' id='word_1_183' title='bbox 297 1420 325 1455; x_wconf 90' lang='lat' dir='ltr'>si</span> <span class='ocrx_word' id='word_1_184' title='bbox 355 1432 486 1468; x_wconf 86' lang='lat' dir='ltr'>paucos</span> <span class='ocrx_word' id='word_1_185' title='bbox 518 1420 648 1469; x_wconf 89' lang='lat' dir='ltr'>putatis</span> <span class='ocrx_word' id='word_1_186' title='bbox 676 1419 797 1455; x_wconf 87' lang='lat' dir='ltr'>affines</span> <span class='ocrx_word' id='word_1_187' title='bbox 816 1431 900 1463; x_wconf 86' lang='lat' dir='ltr'>esse,</span> <span class='ocrx_word' id='word_1_188' title='bbox 929 1418 1157 1454; x_wconf 81' lang='lat' dir='ltr'>vehementer</span> <span class='ocrx_word' id='word_1_189' title='bbox 1183 1418 1312 1454; x_wconf 87' lang='lat' dir='ltr'>erratis.</span> <span class='ocrx_word' id='word_1_190' title='bbox 1364 1417 1483 1454; x_wconf 81' lang='lat' dir='ltr'>Latius</span> 
     </span>
     <span class='ocr_line' id='line_1_22' title="bbox 147 1479 1486 1531; baseline -0.001 -13"><span class='ocrx_word' id='word_1_191' title='bbox 147 1481 311 1531; x_wconf 87' lang='lat' dir='ltr'>opinione</span> <span class='ocrx_word' id='word_1_192' title='bbox 345 1482 614 1518; x_wconf 69' lang='lat' dir='ltr'>disseminatum</span> <span class='ocrx_word' id='word_1_193' title='bbox 643 1486 696 1517; x_wconf 90' lang='lat' dir='ltr'>est</span> <span class='ocrx_word' id='word_1_194' title='bbox 727 1480 796 1517; x_wconf 91' lang='lat' dir='ltr'>hoc</span> <span class='ocrx_word' id='word_1_195' title='bbox 827 1480 982 1526; x_wconf 83' lang='lat' dir='ltr'>malum3</span> <span class='ocrx_word' id='word_1_196' title='bbox 1010 1480 1169 1516; x_wconf 77' lang='lat' dir='ltr'>manavit</span> <span class='ocrx_word' id='word_1_197' title='bbox 1197 1492 1268 1516; x_wconf 90' lang='lat' dir='ltr'>non</span> <span class='ocrx_word' id='word_1_198' title='bbox 1290 1479 1405 1516; x_wconf 90' lang='lat' dir='ltr'>solum</span> <span class='ocrx_word' id='word_1_199' title='bbox 1423 1493 1486 1530; x_wconf 89' lang='lat' dir='ltr'>per</span> 
     </span>
     <span class='ocr_line' id='line_1_23' title="bbox 146 1543 1486 1592; baseline -0.001 -12"><span class='ocrx_word' id='word_1_200' title='bbox 146 1544 296 1590; x_wconf 86' lang='lat' dir='ltr'>Italiam,</span> <span class='ocrx_word' id='word_1_201' title='bbox 312 1557 435 1581; x_wconf 83' lang='lat' dir='ltr'>verum</span> <span class='ocrx_word' id='word_1_202' title='bbox 456 1544 562 1581; x_wconf 78' lang='lat' dir='ltr'>etiam</span> <span class='ocrx_word' id='word_1_203' title='bbox 582 1543 797 1580; x_wconf 81' lang='lat' dir='ltr'>transcendit</span> <span class='ocrx_word' id='word_1_204' title='bbox 814 1543 934 1592; x_wconf 81' lang='lat' dir='ltr'>AlpeS,</span> <span class='ocrx_word' id='word_1_205' title='bbox 955 1548 1000 1589; x_wconf 90' lang='lat' dir='ltr'>et,</span> <span class='ocrx_word' id='word_1_206' title='bbox 1020 1543 1167 1579; x_wconf 88' lang='lat' dir='ltr'>obscure</span> <span class='ocrx_word' id='word_1_207' title='bbox 1185 1555 1336 1592; x_wconf 72' lang='lat' dir='ltr'>serpem,</span> <span class='ocrx_word' id='word_1_208' title='bbox 1355 1543 1486 1579; x_wconf 89' lang='lat' dir='ltr'>multas</span> 
     </span>
     <span class='ocr_line' id='line_1_24' title="bbox 142 1605 1486 1657; baseline 0 -15"><span class='ocrx_word' id='word_1_209' title='bbox 142 1607 218 1656; x_wconf 85' lang='lat' dir='ltr'>jam</span> <span class='ocrx_word' id='word_1_210' title='bbox 239 1607 433 1656; x_wconf 58' lang='lat' dir='ltr'>proxincias</span> <span class='ocrx_word' id='word_1_211' title='bbox 452 1607 648 1657; x_wconf 69' lang='lat' dir='ltr'>occupaw&#39;t.</span> <span class='ocrx_word' id='word_1_212' title='bbox 719 1606 763 1643; x_wconf 90' lang='lat' dir='ltr'>Id</span> <span class='ocrx_word' id='word_1_213' title='bbox 781 1605 931 1656; x_wconf 87' lang='lat' dir='ltr'>opprimi</span> <span class='ocrx_word' id='word_1_214' title='bbox 952 1605 1201 1642; x_wconf 82' lang='lat' dir='ltr'>⁹sustentando</span> <span class='ocrx_word' id='word_1_215' title='bbox 1220 1617 1262 1641; x_wconf 88' lang='lat' dir='ltr'>ac</span> <span class='ocrx_word' id='word_1_216' title='bbox 1280 1605 1486 1654; x_wconf 84' lang='lat' dir='ltr'>prolatando</span> 
     </span>
     <span class='ocr_line' id='line_1_25' title="bbox 146 1667 1486 1719; baseline -0.002 -13"><span class='ocrx_word' id='word_1_217' title='bbox 146 1669 245 1706; x_wconf 90' lang='lat' dir='ltr'>nullo</span> <span class='ocrx_word' id='word_1_218' title='bbox 264 1675 369 1719; x_wconf 87' lang='lat' dir='ltr'>pacto</span> <span class='ocrx_word' id='word_1_219' title='bbox 388 1674 512 1719; x_wconf 91' lang='lat' dir='ltr'>potest.</span> <span class='ocrx_word' id='word_1_220' title='bbox 579 1670 805 1719; x_wconf 80' lang='lat' dir='ltr'>Quacunque</span> <span class='ocrx_word' id='word_1_221' title='bbox 824 1668 958 1705; x_wconf 86' lang='lat' dir='ltr'>ratione</span> <span class='ocrx_word' id='word_1_222' title='bbox 977 1668 1103 1718; x_wconf 83' lang='lat' dir='ltr'>placet,</span> <span class='ocrx_word' id='word_1_223' title='bbox 1123 1667 1281 1704; x_wconf 85' lang='lat' dir='ltr'>celeriter</span> <span class='ocrx_word' id='word_1_224' title='bbox 1298 1668 1396 1704; x_wconf 78' lang='lat' dir='ltr'>vobis</span> <span class='ocrx_word' id='word_1_225' title='bbox 1414 1668 1486 1704; x_wconf 86' lang='lat' dir='ltr'>vin-</span> 
     </span>
     <span class='ocr_line' id='line_1_26' title="bbox 146 1732 429 1768; baseline -0.004 0"><span class='ocrx_word' id='word_1_226' title='bbox 146 1732 342 1768; x_wconf 89' lang='lat' dir='ltr'>dicandum</span> <span class='ocrx_word' id='word_1_227' title='bbox 367 1737 429 1768; x_wconf 61' lang='lat' dir='ltr'>est,</span> 
     </span>
    </p>

    <p class='ocr_par' dir='ltr' id='par_1_4' title="bbox 111 1791 1488 2403">
     <span class='ocr_line' id='line_1_27' title="bbox 226 1791 1485 1839; baseline -0.002 -8"><span class='ocrx_word' id='word_1_228' title='bbox 226 1794 290 1831; x_wconf 89' lang='lat' dir='ltr'>IV.</span> <span class='ocrx_word' id='word_1_229' title='bbox 347 1794 379 1831; x_wconf 82' lang='lat'>7.</span> <span class='ocrx_word' id='word_1_230' title='bbox 406 1794 523 1831; x_wconf 89' lang='lat' dir='ltr'>Video</span> <span class='ocrx_word' id='word_1_231' title='bbox 552 1795 560 1811; x_wconf 84' lang='lat'>¹</span> <span class='ocrx_word' id='word_1_232' title='bbox 574 1794 662 1831; x_wconf 88' lang='lat' dir='ltr'>duas</span> <span class='ocrx_word' id='word_1_233' title='bbox 692 1793 811 1830; x_wconf 88' lang='lat' dir='ltr'>adhuc</span> <span class='ocrx_word' id='word_1_234' title='bbox 838 1805 911 1829; x_wconf 88' lang='lat' dir='ltr'>esse</span> <span class='ocrx_word' id='word_1_235' title='bbox 931 1792 1144 1829; x_wconf 85' lang='lat' dir='ltr'>sententias:</span> <span class='ocrx_word' id='word_1_236' title='bbox 1171 1804 1283 1828; x_wconf 90' lang='lat' dir='ltr'>unam</span> <span class='ocrx_word' id='word_1_237' title='bbox 1302 1791 1348 1828; x_wconf 93' lang='lat' dir='ltr'>D.</span> <span class='ocrx_word' id='word_1_238' title='bbox 1367 1792 1485 1839; x_wconf 85' lang='lat' dir='ltr'>Silani,</span> 
     </span>
     <span class='ocr_line' id='line_1_28' title="bbox 147 1854 1485 1912; baseline -0.003 -17"><span class='ocrx_word' id='word_1_239' title='bbox 147 1858 208 1907; x_wconf 89' lang='lat' dir='ltr'>qui</span> <span class='ocrx_word' id='word_1_240' title='bbox 227 1862 355 1903; x_wconf 85' lang='lat' dir='ltr'>censet,</span> <span class='ocrx_word' id='word_1_241' title='bbox 375 1870 443 1903; x_wconf 89' lang='lat' dir='ltr'>eos,</span> <span class='ocrx_word' id='word_1_242' title='bbox 476 1857 538 1906; x_wconf 91' lang='lat' dir='ltr'>qui</span> <span class='ocrx_word' id='word_1_243' title='bbox 557 1857 636 1893; x_wconf 86' lang='lat' dir='ltr'>haec</span> <span class='ocrx_word' id='word_1_244' title='bbox 656 1855 773 1912; x_wconf 66' lang='lat' dir='ltr'>delere</span> <span class='ocrx_word' id='word_1_245' title='bbox 793 1855 908 1892; x_wconf 91' lang='lat' dir='ltr'>conati</span> <span class='ocrx_word' id='word_1_246' title='bbox 926 1859 1017 1900; x_wconf 88' lang='lat' dir='ltr'>sunt,</span> <span class='ocrx_word' id='word_1_247' title='bbox 1036 1859 1148 1891; x_wconf 83' lang='lat' dir='ltr'>morte</span> <span class='ocrx_word' id='word_1_248' title='bbox 1169 1867 1242 1891; x_wconf 86' lang='lat' dir='ltr'>esse</span> <span class='ocrx_word' id='word_1_249' title='bbox 1262 1854 1485 1902; x_wconf 87' lang='lat' dir='ltr'>multandos;</span> 
     </span>
     <span class='ocr_line' id='line_1_29' title="bbox 111 1916 1486 1968; baseline -0.003 -12"><span class='ocrx_word' id='word_1_250' title='bbox 111 1939 115 1942; x_wconf 90' lang='lat'><strong>·</strong></span> <span class='ocrx_word' id='word_1_251' title='bbox 148 1919 298 1956; x_wconf 87' lang='lat' dir='ltr'>alteram</span> <span class='ocrx_word' id='word_1_252' title='bbox 318 1919 358 1956; x_wconf 84' lang='lat' dir='ltr'>C.</span> <span class='ocrx_word' id='word_1_253' title='bbox 379 1919 534 1964; x_wconf 64' lang='lat' dir='ltr'>Caesa1a&#39;s,</span> <span class='ocrx_word' id='word_1_254' title='bbox 555 1919 617 1968; x_wconf 90' lang='lat' dir='ltr'>qui</span> <span class='ocrx_word' id='word_1_255' title='bbox 647 1918 768 1954; x_wconf 81' lang='lat' dir='ltr'>mortis</span> <span class='ocrx_word' id='word_1_256' title='bbox 798 1929 942 1966; x_wconf 86' lang='lat' dir='ltr'>poenam</span> <span class='ocrx_word' id='word_1_257' title='bbox 956 1921 1124 1962; x_wconf 79' lang='lat' dir='ltr'>removet,</span> <span class='ocrx_word' id='word_1_258' title='bbox 1145 1920 1340 1952; x_wconf 86' lang='lat' dir='ltr'>ceterorum</span> <span class='ocrx_word' id='word_1_259' title='bbox 1358 1916 1486 1966; x_wconf 88' lang='lat' dir='ltr'>suppli-</span> 
     </span>
     <span class='ocr_line' id='line_1_30' title="bbox 149 1978 1487 2029; baseline -0.003 -12"><span class='ocrx_word' id='word_1_260' title='bbox 149 1981 284 2018; x_wconf 85' lang='lat' dir='ltr'>ciorum</span> <span class='ocrx_word' id='word_1_261' title='bbox 303 1993 428 2018; x_wconf 89' lang='lat' dir='ltr'>omnes</span> <span class='ocrx_word' id='word_1_262' title='bbox 453 1981 662 2017; x_wconf 86' lang='lat' dir='ltr'>acerbitates</span> <span class='ocrx_word' id='word_1_263' title='bbox 689 1979 922 2029; x_wconf 81' lang='lat' dir='ltr'>amplectitur.</span> <span class='ocrx_word' id='word_1_264' title='bbox 975 1978 1137 2027; x_wconf 88' lang='lat' dir='ltr'>Uterque</span> <span class='ocrx_word' id='word_1_265' title='bbox 1158 1982 1194 2014; x_wconf 91' lang='lat' dir='ltr'>et</span> <span class='ocrx_word' id='word_1_266' title='bbox 1212 1991 1275 2027; x_wconf 90' lang='lat' dir='ltr'>pro</span> <span class='ocrx_word' id='word_1_267' title='bbox 1293 1991 1357 2014; x_wconf 88' lang='lat' dir='ltr'>sua</span> <span class='ocrx_word' id='word_1_268' title='bbox 1376 1978 1487 2028; x_wconf 80' lang='lat' dir='ltr'>digni-</span> 
     </span>
     <span class='ocr_line' id='line_1_31' title="bbox 148 2039 1486 2093; baseline -0.002 -14"><span class='ocrx_word' id='word_1_269' title='bbox 148 2048 230 2089; x_wconf 87' lang='lat' dir='ltr'>tate,</span> <span class='ocrx_word' id='word_1_270' title='bbox 252 2047 289 2080; x_wconf 86' lang='lat' dir='ltr'>et</span> <span class='ocrx_word' id='word_1_271' title='bbox 314 2056 379 2093; x_wconf 86' lang='lat' dir='ltr'>pro</span> <span class='ocrx_word' id='word_1_272' title='bbox 411 2042 423 2059; x_wconf 86' lang='lat'><em>²</em></span> <span class='ocrx_word' id='word_1_273' title='bbox 436 2055 555 2079; x_wconf 85' lang='lat' dir='ltr'>rerum</span> <span class='ocrx_word' id='word_1_274' title='bbox 584 2041 833 2091; x_wconf 78' lang='lat' dir='ltr'>magnitudine</span> <span class='ocrx_word' id='word_1_275' title='bbox 861 2040 899 2078; x_wconf 90' lang='lat' dir='ltr'>in</span> <span class='ocrx_word' id='word_1_276' title='bbox 934 2052 1078 2075; x_wconf 87' lang='lat' dir='ltr'>summa</span> <span class='ocrx_word' id='word_1_277' title='bbox 1106 2039 1290 2075; x_wconf 84' lang='lat' dir='ltr'>severitate</span> <span class='ocrx_word' id='word_1_278' title='bbox 1322 2044 1486 2076; x_wconf 76' lang='lat' dir='ltr'>velsatur.</span> 
     </span>
     <span class='ocr_line' id='line_1_32' title="bbox 150 2101 1485 2154; baseline -0.003 -12"><span class='ocrx_word' id='word_1_279' title='bbox 150 2105 274 2142; x_wconf 80' lang='lat' dir='ltr'>³Alter</span> <span class='ocrx_word' id='word_1_280' title='bbox 304 2118 372 2151; x_wconf 85' lang='lat' dir='ltr'>eos,</span> <span class='ocrx_word' id='word_1_281' title='bbox 403 2104 465 2154; x_wconf 86' lang='lat' dir='ltr'>qui</span> <span class='ocrx_word' id='word_1_282' title='bbox 497 2117 560 2141; x_wconf 91' lang='lat' dir='ltr'>nos</span> <span class='ocrx_word' id='word_1_283' title='bbox 592 2116 726 2149; x_wconf 78' lang='lat' dir='ltr'>omneS,</span> <span class='ocrx_word' id='word_1_284' title='bbox 759 2103 819 2152; x_wconf 85' lang='lat' dir='ltr'>qui</span> <span class='ocrx_word' id='word_1_285' title='bbox 847 2102 1019 2152; x_wconf 86' lang='lat' dir='ltr'>populum</span> <span class='ocrx_word' id='word_1_286' title='bbox 1039 2101 1243 2138; x_wconf 87' lang='lat' dir='ltr'>Romanum</span> <span class='ocrx_word' id='word_1_287' title='bbox 1263 2101 1334 2138; x_wconf 80' lang='lat' dir='ltr'>vita</span> <span class='ocrx_word' id='word_1_288' title='bbox 1351 2101 1485 2151; x_wconf 83' lang='lat' dir='ltr'>privare</span> 
     </span>
     <span class='ocr_line' id='line_1_33' title="bbox 149 2163 1488 2216; baseline -0.004 -12"><span class='ocrx_word' id='word_1_289' title='bbox 149 2167 264 2204; x_wconf 86' lang='lat' dir='ltr'>conati</span> <span class='ocrx_word' id='word_1_290' title='bbox 293 2171 385 2214; x_wconf 87' lang='lat' dir='ltr'>sunt,</span> <span class='ocrx_word' id='word_1_291' title='bbox 418 2166 480 2216; x_wconf 91' lang='lat' dir='ltr'>qui</span> <span class='ocrx_word' id='word_1_292' title='bbox 512 2166 631 2203; x_wconf 87' lang='lat' dir='ltr'>delere</span> <span class='ocrx_word' id='word_1_293' title='bbox 660 2165 861 2215; x_wconf 86' lang='lat' dir='ltr'>imperium,</span> <span class='ocrx_word' id='word_1_294' title='bbox 881 2165 943 2214; x_wconf 86' lang='lat' dir='ltr'>qui</span> <span class='ocrx_word' id='word_1_295' title='bbox 961 2163 1081 2214; x_wconf 88' lang='lat' dir='ltr'>populi</span> <span class='ocrx_word' id='word_1_296' title='bbox 1108 2163 1263 2200; x_wconf 84' lang='lat' dir='ltr'>Romani</span> <span class='ocrx_word' id='word_1_297' title='bbox 1281 2176 1412 2200; x_wconf 87' lang='lat' dir='ltr'>nomen</span> <span class='ocrx_word' id='word_1_298' title='bbox 1431 2176 1488 2200; x_wconf 86' lang='lat' dir='ltr'>ex-</span> 
     </span>
     <span class='ocr_line' id='line_1_34' title="bbox 148 2225 1487 2280; baseline -0.002 -16"><span class='ocrx_word' id='word_1_299' title='bbox 148 2229 337 2279; x_wconf 84' lang='lat' dir='ltr'>stinguere,</span> <span class='ocrx_word' id='word_1_300' title='bbox 357 2234 530 2280; x_wconf 88' lang='lat' dir='ltr'>punctum</span> <span class='ocrx_word' id='word_1_301' title='bbox 550 2228 719 2278; x_wconf 87' lang='lat' dir='ltr'>temporis</span> <span class='ocrx_word' id='word_1_302' title='bbox 737 2228 805 2264; x_wconf 85' lang='lat' dir='ltr'>frui</span> <span class='ocrx_word' id='word_1_303' title='bbox 823 2227 905 2273; x_wconf 77' lang='lat' dir='ltr'>vita,</span> <span class='ocrx_word' id='word_1_304' title='bbox 925 2231 961 2263; x_wconf 88' lang='lat' dir='ltr'>et</span> <span class='ocrx_word' id='word_1_305' title='bbox 977 2226 1047 2263; x_wconf 89' lang='lat' dir='ltr'>hoc</span> <span class='ocrx_word' id='word_1_306' title='bbox 1066 2225 1249 2262; x_wconf 87' lang='lat' dir='ltr'>communi</span> <span class='ocrx_word' id='word_1_307' title='bbox 1266 2225 1397 2275; x_wconf 80' lang='lat' dir='ltr'>spiritu,</span> <span class='ocrx_word' id='word_1_308' title='bbox 1415 2238 1487 2262; x_wconf 87' lang='lat' dir='ltr'>non</span> 
     </span>
     <span class='ocr_line' id='line_1_35' title="bbox 148 2288 1486 2341; baseline -0.001 -15"><span class='ocrx_word' id='word_1_309' title='bbox 148 2296 252 2340; x_wconf 86' lang='lat' dir='ltr'>putat</span> <span class='ocrx_word' id='word_1_310' title='bbox 270 2297 430 2341; x_wconf 63' lang='lat' dir='ltr'>oportere</span> <span class='ocrx_word' id='word_1_311' title='bbox 446 2303 455 2338; x_wconf 84' lang='lat'><em>3</em></span> <span class='ocrx_word' id='word_1_312' title='bbox 486 2296 594 2340; x_wconf 87' lang='lat' dir='ltr'>atque</span> <span class='ocrx_word' id='word_1_313' title='bbox 623 2290 692 2327; x_wconf 90' lang='lat' dir='ltr'>hoc</span> <span class='ocrx_word' id='word_1_314' title='bbox 708 2303 821 2340; x_wconf 85' lang='lat' dir='ltr'>genus</span> <span class='ocrx_word' id='word_1_315' title='bbox 839 2302 954 2339; x_wconf 84' lang='lat' dir='ltr'>poenae</span> <span class='ocrx_word' id='word_1_316' title='bbox 975 2301 1070 2338; x_wconf 81' lang='lat' dir='ltr'>saepe</span> <span class='ocrx_word' id='word_1_317' title='bbox 1089 2288 1125 2324; x_wconf 87' lang='lat' dir='ltr'>in</span> <span class='ocrx_word' id='word_1_318' title='bbox 1143 2288 1323 2338; x_wconf 85' lang='lat' dir='ltr'>improbos</span> <span class='ocrx_word' id='word_1_319' title='bbox 1342 2288 1433 2325; x_wconf 88' lang='lat' dir='ltr'>cives</span> <span class='ocrx_word' id='word_1_320' title='bbox 1450 2288 1486 2324; x_wconf 92' lang='lat' dir='ltr'>iu</span> 
     </span>
     <span class='ocr_line' id='line_1_36' title="bbox 148 2349 1487 2403; baseline -0.002 -15"><span class='ocrx_word' id='word_1_321' title='bbox 148 2351 217 2390; x_wconf 87' lang='lat' dir='ltr'>hac</span> <span class='ocrx_word' id='word_1_322' title='bbox 235 2365 273 2390; x_wconf 90' lang='lat' dir='ltr'>re</span> <span class='ocrx_word' id='word_1_323' title='bbox 292 2353 436 2403; x_wconf 89' lang='lat' dir='ltr'>publica</span> <span class='ocrx_word' id='word_1_324' title='bbox 456 2366 530 2390; x_wconf 86' lang='lat' dir='ltr'>esse</span> <span class='ocrx_word' id='word_1_325' title='bbox 560 2357 770 2403; x_wconf 88' lang='lat' dir='ltr'>usurpatum</span> <span class='ocrx_word' id='word_1_326' title='bbox 799 2351 1012 2389; x_wconf 88' lang='lat' dir='ltr'>recordatur.</span> <span class='ocrx_word' id='word_1_327' title='bbox 1066 2349 1189 2386; x_wconf 67' lang='lat' dir='ltr'>‘Alter</span> <span class='ocrx_word' id='word_1_328' title='bbox 1206 2349 1378 2398; x_wconf 79' lang='lat' dir='ltr'>intelligit,</span> <span class='ocrx_word' id='word_1_329' title='bbox 1396 2362 1487 2386; x_wconf 88' lang='lat' dir='ltr'>mor-</span> 
     </span>
    </p>
   </div>
  </div>
 </body>
</html>
