1596 2643
772 459 843 491 IN

247 595 339 672 L.
445 595 1372 671 CATILINAM

599 771 798 820 ORATIO
832 772 1018 820 PRIMA

360 914 701 962 HABITA
756 914 846 963 IN
902 914 1254 965 SENATU.

189 1185 222 1225 Σ.
281 1188 311 1225 1.
339 1186 567 1231 ‘Quousoun
593 1188 743 1225 tandem
771 1188 928 1234 abutere,
951 1187 1112 1235 Catilina,
1139 1189 1310 1239 patientia
1335 1192 1478 1229 nostra?

137 1250 322 1294 Quamdiu
341 1250 450 1287 etiam
469 1249 586 1287 ²fur01·
611 1250 676 1287 iste
704 1254 786 1287 tuus
813 1263 877 1287 nos
903 1250 1071 1288 ³eludet?
1124 1250 1266 1295 ⁴Quem
1294 1252 1341 1289 ad
1368 1253 1476 1290 finem

136 1325 211 1350 sese
240 1312 410 1350 effrenata
431 1312 583 1362 jactabit
610 1312 785 1350 audacia?
840 1312 1007 1349 “Nihilne
1034 1317 1071 1350 te
1099 1312 1335 1350 ‘nocturnum
1362 1315 1478 1365 praesi-

137 1375 238 1412 dium
258 1374 397 1421 Palatii,
415 1374 503 1411 nihil
522 1374 641 1412 ⁷urbis
660 1375 799 1425 vigiliae,
818 1375 905 1411 nihil
934 1374 1062 1412 ⁸timor
1080 1375 1210 1425 populi,
1230 1375 1315 1413 nihil
1335 1390 1477 1424 concur-

136 1449 197 1475 sus
206 1437 382 1474 bonomm
393 1437 566 1483 omnium,
577 1436 664 1473 nihil
675 1437 733 1474 hic
747 1437 1002 1473 munitissimus
1022 1438 1033 1455 ⁹
1043 1437 1200 1475 habendi
1214 1443 1357 1475 senatus
1372 1439 1477 1487 locus,

137 1498 223 1534 nihil
242 1498 370 1535 horum
391 1498 695 1548 ¹⁰oravultusque
715 1500 926 1536 moverunt?
981 1499 1146 1536 ¹¹Patere
1165 1504 1227 1536 tua
1246 1501 1388 1537 consilia
1406 1514 1476 1539 non

137 1560 267 1598 sentis?
321 1560 559 1598 Constrictam
583 1560 662 1610 jam
688 1560 818 1597 horum
846 1561 1008 1598 omnium
1029 1561 1241 1598 conscientia
1267 1562 1376 1600 teneri
1398 1576 1477 1601 con-

139 1622 346 1671 jurationem
383 1626 485 1659 tuam
522 1635 593 1659 non
624 1622 746 1662 vides?
813 1622 909 1666 Quid
947 1623 1152 1674 ¹²proxima,
1180 1624 1268 1674 quid
1300 1624 1475 1675 superiore

138 1689 240 1723 nocte
267 1684 390 1735 egeris,
418 1684 482 1722 ubi
508 1684 621 1731 fumis,
650 1697 740 1735 quos
767 1686 1020 1732 convocaveris,
1049 1686 1137 1736 quid
1173 1687 1303 1724 consi-lii
1334 1689 1476 1738 ceperis,

136 1759 248 1798 quem
277 1751 437 1784 nostrum
468 1746 631 1797 ignorare
663 1747 865 1785 arbitraris?
932 1750 966 1785 2.
993 1748 1026 1785 O
1053 1749 1235 1799 tempora!
1289 1749 1322 1786 O
1341 1737 1476 1788 mores!

137 1809 288 1847 Senatus
317 1808 396 1861 haec
426 1809 599 1860 intelligit,
627 1809 750 1847 consul
778 1810 897 1848 videt:
927 1810 1034 1855 ι311101
1050 1816 1173 1855 tamen
1202 1812 1294 1865 vivit.
1355 1813 1475 1851 Vivit?

135 1872 255 1910 Immo
273 1885 356 1910 vero
373 1872 483 1909 etiam
509 1872 548 1909 in'
573 1878 738 1910 senatum
764 1873 882 1911 venit:
909 1874 949 1910 fit
978 1874 1111 1924 publici
1131 1875 1262 1912 consilii
1280 1876 1475 1926 particeps:

135 1939 237 1972 notat
247 1938 291 1972 ·et
309 1934 473 1985 designat
490 1934 599 1972 oculis
618 1935 666 1973 ad
685 1936 824 1973 caedem
842 1949 956 1973 unum
976 1949 1159 1987 quemque
1177 1942 1346 1975 nostrum.
1399 1938 1476 1975 Nos

137 2001 268 2045 autem,
289 1997 314 2015 ¹⁴
325 1997 387 2035 viri
405 1997 520 2045 fortes
538 1997 738 2036 satisfacere
756 1998 807 2036 rei
825 1998 977 2049 publicae
995 1999 1168 2047 videmur,
1182 2000 1210 2037 si
1232 2001 1364 2036 ¹⁶i'stius
1382 1987 1476 2038 furo*-

137 2071 213 2096 rem
226 2071 275 2110 ³ac
291 2058 363 2097 tela
380 2059 541 2097 vivemus.
593 2060 656 2098 Ad
674 2065 828 2098 mortem
847 2065 893 2108 te,
913 2061 1075 2109 Catilina,
1102 2062 1187 2102 duci
1208 2063 1307 2112 jussu
1326 2063 1475 2101 consulis

134 2121 348 2173 jampridem
374 2123 582 2173 oportebat3
608 2123 647 2160 in
673 2127 709 2161 te
736 2124 885 2161 conferri
914 2125 1088 2175 ¹⁶pestem
1115 2125 1230 2171 istam,
1250 2137 1362 2174 quarn
1381 2126 1475 2163 tuin

135 2197 201 2222 nos
227 2196 352 2222 omnes
383 2185 526 2236 jamdiu
544 2186 767 2227 machinaris.
822 2191 856 2225 3.
885 2188 973 2225 1’ΛΠ
993 2201 1076 2225 vero
1094 2188 1145 2225 w'r
1169 2187 1414 2238 amplissimus,
1432 2188 1474 2226 P.

136 2246 264 2297 Scipio,
283 2247 440 2296 pontifex
462 2248 650 2296 maximus,
677 2249 729 2286 Ti.
748 2249 953 2288 Gracchum
974 2250 1236 2287 ²⁸mccliocrite1·
1262 2249 1476 2293 labefactan-

135 2312 212 2346 tem
230 2314 366 2362 statum
384 2309 435 2347 rei
452 2310 606 2360 publicae
624 2311 779 2362 privatus
796 2312 989 2350 interfecit:
1018 2312 1210 2355 Catilinam
1227 2313 1352 2354 orbem
1371 2317 1474 2351 tcrrae

135 2371 236 2409 caede
255 2375 363 2422 atque
382 2371 552 2411 incendiis
570 2378 708 2413 vastare
726 2375 940 2425 cupientem,
967 2387 1031 2412 nos
1049 2373 1209 2412 eonsules
1234 2363 1474 2425 pei-feremus?
