1571 2651
631 472 995 524 ORATIO

783 609 844 633 DE

172 707 662 784 IMPERIO
741 709 900 785 GN.
976 709 1460 785 POMPEII

756 868 872 893 SIVE

431 970 562 1019 PRO
610 970 793 1019 LEGE
842 972 1190 1020 MANILIA.

221 1249 248 1287 I.
306 1254 337 1287 1.
366 1250 591 1294 Qunmuan
618 1251 707 1288 mihi
734 1265 875 1302 semper
903 1251 1089 1301 ¹frequens
1119 1255 1328 1301 conspectus
1361 1256 1483 1297 vester,

142 1312 257 1350 multo
282 1313 568 1363 jucundissimus,
588 1314 646 1351 hic
674 1320 795 1351 autem
825 1314 929 1360 locus,
949 1315 995 1351 ad
1025 1315 1208 1364 agendum
1239 1314 1484 1364 amplissimus,

143 1375 190 1412 ad
221 1375 413 1413 dicendum
444 1377 683 1413 ornatissimus
713 1382 765 1414 est
795 1377 896 1423 visus,
925 1377 1099 1423 Quirites;
1132 1382 1253 1413 tamen
1282 1377 1352 1414 hoc
1385 1376 1485 1413 aditu

141 1437 266 1483 laudis,
286 1439 347 1488 qui
378 1452 518 1489 semper
547 1440 682 1489 optimo
713 1440 840 1490 cuique
870 1440 1025 1476 maxime
1056 1439 1180 1489 patuit,
1210 1452 1281 1476 non
1314 1452 1396 1476 mea
1425 1452 1485 1476 me

142 1500 302 1537 voluntas
322 1501 450 1547 adhuc,
469 1503 532 1539 sed
560 1502 662 1539 “'vitze
684 1516 775 1540 meae
795 1503 956 1548 rationes,
985 1502 1032 1539 ab
1059 1503 1203 1539 ineunte
1224 1507 1327 1539 aetate
1346 1515 1486 1553 suseep-

141 1567 198 1608 tae,
214 1563 480 1613 prohibuerunt.
527 1564 634 1612 Nam,
647 1578 761 1615 quum
781 1570 886 1602 antea
906 1565 918 1582 ³
931 1578 994 1615 per
1013 1570 1157 1602 aetatem
1176 1565 1338 1601 nondum
1359 1565 1485 1615 ⁴hujus

143 1626 389 1663 aueton'tatem
417 1627 482 1664 loci
503 1628 676 1678 attingere
706 1628 886 1674 auderem,
910 1633 1186 1678 statueremque,
1206 1627 1292 1663 nihil
1318 1627 1399 1674 hue,
1418 1627 1483 1663 nisi

142 1689 336 1738 peffectum
367 1690 518 1740 ingenio,
547 1690 769 1728 elaboratum
800 1691 980 1737 industria,
1013 1690 1126 1726 afferri
1157 1695 1338 1739 oportere3
1377 1703 1484 1727 omne

141 1763 267 1787 meum
285 1756 427 1802 tempus
455 1753 653 1789 amicorum
681 1753 898 1803 temporibus
926 1752 1239 1789 transmittendum
1264 1753 1396 1802 putavi.
1452 1757 1484 1789 2.

144 1813 221 1849 ⁵Ita
252 1826 369 1863 neque
402 1814 460 1851 hio
492 1814 588 1851 loeus
621 1828 754 1852 vacuus
790 1828 952 1865 unquam
983 1815 1049 1851 fuit
1082 1815 1128 1852 ab
1158 1815 1207 1861 iis,
1239 1815 1299 1864 qui
1328 1820 1483 1852 vestram

143 1890 288 1914 causam
308 1878 549 1924 defenderent,
570 1883 606 1915 et
633 1891 733 1915 meus
760 1878 869 1924 labor,
888 1879 923 1915 in
943 1878 1159 1928 privatorum
1184 1877 1346 1928 periculis
1366 1879 1484 1916 ⁶caste

141 1939 351 1990 integreque
382 1945 547 1986 versatus,
577 1953 620 1977 ex
649 1946 763 1978 vestro
790 1940 924 1990 judicio
954 1941 1112 1977 fruc-tum
1143 1946 1195 1977 est
1225 1940 1483 1990 amplissimum

143 2008 360 2039 consecutus.
426 2001 524 2038 Nam
557 2015 680 2052 quum,
718 2008 860 2053 propter
893 2003 1123 2040 ⁷dilati0nem
1161 2003 1393 2049 comitiorum,
1431 2008 1485 2040 ter

141 2068 270 2115 praetor
298 2064 433 2114 primus
464 2065 627 2101 centuriis
658 2065 791 2102 cunctis
820 2065 1042 2102 renuntiatus
1068 2078 1160 2109 sum,
1188 2064 1289 2102 facilc
1316 2065 1483 2112 inteflexi,

142 2126 305 2173 Quirites
325 2131 362 2164 et
389 2127 479 2177 quid
506 2127 553 2164 de
579 2140 639 2164 me
662 2128 877 2177 judicaretis,
897 2133 933 2165 et
961 2127 1071 2178 ⁸quid
1101 2128 1175 2164 aliis
1202 2128 1473 2177 praescriberetis

141 2189 260 2235 Nunc,
281 2203 397 2239 quum
418 2195 452 2227 et
471 2191 684 2227 auctoritatis
711 2190 748 2227 in
775 2204 834 2228 me
859 2196 1001 2228 tantum
1025 2191 1077 2238 sit,
1098 2196 1277 2241 quantum
1297 2204 1356 2228 vos
1375 2190 1484 2228 hono-

141 2252 236 2288 1ibus
267 2253 480 2290 mandandis
511 2266 584 2290 esse
604 2253 766 2300 voluistis,
786 2258 822 2290 et
842 2254 889 2290 ad
919 2254 1102 2303 agendum
1130 2253 1306 2290 facultatis
1329 2257 1482 2300 tantum,

142 2319 319 2363 quantum
346 2315 482 2352 homini
502 2315 658 2365 xigilanti
679 2328 722 2352 ex
739 2315 867 2353 forensi
894 2329 961 2352 usu
979 2329 1089 2366 prope
1109 2315 1316 2366 quotidiana
1340 2314 1483 2352 dicendi

142 2378 343 2415 exercitatio
372 2378 488 2428 potuit
511 2378 653 2426 affen·e;
681 2383 786 2426 certe,
805 2383 851 2425 et,
869 2379 895 2415 si
917 2378 1006 2430 quid
1033 2379 1248 2417 auctoritatis
1273 2378 1311 2416 in
1337 2390 1397 2416 me
1420 2382 1483 2425 est,
