1571 2651
489 134 626 161 omno
654 134 729 160 PRO
757 134 854 159 LEGE
883 133 1056 158 MAmmA.
1372 125 1443 160 101

98 238 329 276 suetudinem
348 237 430 275 victi
454 237 651 275 dilexerint.
703 237 750 274 Et
778 237 972 287 quisquam
1000 235 1190 282 dubitabit,
1213 236 1236 252 ¹¹
1249 235 1337 286 quin
1364 236 1448 273 huic

97 301 167 338 hoe
198 306 342 338 tantum
374 300 513 338 bellum
547 300 867 337 transmittendum
901 299 955 345 sit,
991 299 1053 349 qui
1087 299 1133 336 ad
1167 299 1289 335 omnia
1320 304 1448 335 nostrae

98 364 286 401 memoriae
322 363 417 401 bella
450 363 672 400 conficienda
703 363 824 400 divino
857 362 1018 413 quodam
1053 361 1199 399 consilio
1235 366 1340 398 natus
1374 374 1448 398 esse

100 426 288 464 videatur?

177 489 263 526 XV.
319 492 380 527 43.
407 489 462 536 Et,
484 489 658 540 quoniam
686 488 879 526 auctoritas
908 501 1054 539 quoque
1087 488 1125 525 in
1152 487 1254 524 bellis
1281 487 1450 524 adminis-

99 552 236 590 trandis
264 553 425 590 multum
459 557 569 603 atque
602 552 639 589 in
676 552 830 602 imperio
863 551 1009 588 militari
1038 551 1142 597 valet,
1180 555 1276 588 certe
1314 550 1449 587 nemini

99 615 256 652 dubium
288 621 349 664 est,
379 616 468 667 quin
498 617 563 654 ¹ea
594 629 632 653 re
661 616 761 653 idem
792 616 850 652 ille
880 615 1076 666 imperator
1103 615 1303 665 plurimum
1333 615 1450 664 possit.

99 677 369 716 ²Vehementer
388 683 513 716 autem
533 679 711 729 pertinere
727 679 775 715 ad
788 678 884 715 bella
903 678 1198 724 administranda,
1215 678 1303 728 quid
1323 677 1450 724 hostes,

100 742 190 792 quid
209 742 295 779 socii
318 743 363 780 de
383 742 659 793 imperatoribus
678 742 804 779 nostris
825 741 1039 788 existiment,
1061 742 1141 792 quis
1160 742 1312 791 ignorat,
1333 755 1450 792 quum

98 805 255 842 sciamus
282 806 447 843 homines
475 807 511 843 in
539 806 646 843 tantis
674 806 792 852 rebus,
821 810 863 842 ut
890 810 954 842 aut
982 810 1223 852 contemnant,
1244 810 1309 842 aut
1330 810 1452 842 -metu-

100 874 170 916 ant,
191 874 254 906 aut
280 870 430 916 oderint,
451 874 515 906 aut
543 874 675 916 ament,
695 869 863 920 opinione
895 882 967 905 non
999 869 1120 905 minus
1148 873 1185 906 et
1210 869 1318 916 fama,
1339 881 1451 919 quam

100 931 222 982 aliqua
249 932 385 970 ratione
414 937 512 970 certa
539 932 786 970 commoveri?
819 932 975 975 ‘³Quod
994 932 1107 982 igitur
1131 945 1267 969 nomen
1286 945 1451 982 unquam

100 994 137 1031 in
165 994 252 1032 orbe
279 1000 458 1032 terrarum
486 995 613 1032 clarius
644 995 733 1033 fuit?
763 995 864 1045 cujus
901 1008 958 1032 res
990 1000 1101 1045 gestae
1134 996 1261 1045 pares?
1295 996 1341 1032 de
1380 1008 1453 1045 quo

99 1057 249 1096 homine
277 1072 350 1105 VOS,
369 1059 408 1096 id
437 1059 548 1110 quod.-
570 1059 730 1096 maxime
767 1059 852 1096 facit
889 1058 1152 1105 auctoritatem,
1180 1063 1280 1095 tanta
1310 1063 1347 1095 et
1375 1064 1452 1095 tam

99 1121 271 1171 praeclara
285 1122 425 1172 judicia
442 1122 597 1159 fecistis?
653 1126 713 1159 44.
741 1122 803 1158 An
822 1135 908 1159 vero
929 1122 1041 1158 ullam
1062 1135 1218 1172 usquam
1246 1135 1321 1159 esse
1350 1135 1451 1159 oram

100 1188 177 1221 tam
197 1184 375 1222 desertam
396 1185 540 1235 putatis,
561 1185 658 1235 “quo
677 1198 749 1222 non
776 1185 867 1221 ileus
887 1185 960 1222 diei
988 1185 1086 1221 fama
1114 1184 1316 1234 11›ervase1·it,
1337 1198 1453 1235 quum

101 1247 284 1285 universus
314 1249 467 1299 populus
500 1249 697 1296 Romanus,
725 1249 854 1287 referto
883 1249 968 1295 foro,
997 1249 1255 1299 completisque
1283 1248 1453 1286 omnibus

100 1311 253 1362 temPIiS,
274 1324 318 1348 ex
348 1312 480 1362 quibus
509 1312 568 1349 hic
595 1312 694 1349 locus
719 1312 874 1362 conspici
902 1316 1028 1362 potest,
1050 1325 1164 1348 unum
1184 1311 1252 1348 sibi
1281 1311 1328 1348 ad
1358 1325 1453 1349 com—

100 1387 212 1411 mune
239 1374 405 1411 onmium
433 1374 600 1425 gentium
621 1375 760 1412 bellum
782 1375 846 1412 Cn.
866 1375 1083 1425 Pompeium
1112 1375 1367 1425 imperatorem
1393 1376 1454 1413 de-

101 1437 282 1487 poposcit?
339 1437 479 1486 Itaque,
499 1442 540 1474 ut
565 1437 670 1487 plura
697 1450 769 1475 non
798 1438 927 1484 (licam,
947 1450 1066 1487 neque
1096 1437 1249 1474 aliorum
1277 1438 1454 1489 exemplis

103 1499 326 1545 confirmem,
356 1503 535 1549 quantum
566 1499 756 1536 auctoritas
783 1499 900 1536 valeat
936 1499 973 1535 in
1010 1499 1113 1546 bello,
1146 1500 1194 1537 ab
1225 1501 1354 1537 eodem
1388 1500 1454 1537 Cn.

101 1563 280 1613 Pompeio
310 1562 496 1599 ‘'omnium
530 1576 652 1599 rerum
684 1563 915 1612 egregiarum
945 1562 1112 1612 exempla
1149 1568 1360 1611 sumantur3
1390 1563 1453 1614 qui

103 1639 177 1677 quo
204 1626 262 1663 die
291 1639 313 1662 a
332 1626 433 1663 vobis
460 1625 644 1663 maritimo
676 1626 771 1663 bello
801 1626 1011 1676 praepositus
1039 1631 1092 1663 est
1121 1626 1325 1676 imperator,
1353 1631 1455 1664 tanta

101 1693 248 1739 repente
269 1689 386 1725 vilitas
406 1701 557 1726 annonae
586 1702 630 1726 ex
658 1701 806 1725 sumina
833 1689 953 1738 inopia
978 1693 1014 1725 et
1041 1689 1188 1726 caritate
1219 1689 1268 1726 rei
1300 1689 1454 1726 frumen-

101 1752 202 1789 tariae
223 1757 415 1789 consecuta
445 1756 508 1799 est,
528 1751 636 1788 unius
665 1751 914 1802 hominis‘spe
943 1765 986 1789 ac
1015 1752 1172 1799 nomine,
1198 1757 1373 1803 quantam
1394 1753 1454 1790 vix

102 1828 147 1853 ex
184 1827 331 1852 summa
367 1814 533 1852 ubertate
572 1827 744 1865 agrorum
784 1814 955 1852 diuturna
991 1827 1062 1864 pax
1099 1815 1239 1852 efficere
1272 1815 1454 1866 potuisset.

104 1881 164 1915 45.
193 1877 310 1925 ⁶Jann
330 1883 479 1928 accepta
504 1877 543 1914 in
570 1878 688 1915 Ponto
716 1877 921 1915 calamitate
950 1891 992 1914 ex
1012 1891 1055 1916 eo
1079 1878 1213 1928 proelio,
1235 1879 1279 1916 cle
1300 1892 1373 1930 quo
1392 1892 1455 1916 vos

102 1941 210 1992 paulo
241 1946 324 1979 ante
350 1941 484 1978 invitus
512 1941 697 1988 admonui,
727 1955 843 1992 quum
870 1941 956 1979 socii
986 1942 1263 1992 pertimuissent,
1297 1942 1455 1980 hostium

103 2017 189 2055 opes
219 2004 404 2055 animique
435 2004 634 2051 crevissent,
655 2004 738 2041 satis
770 2005 916 2041 firmum
938 2004 1144 2054 praesidium
1174 2005 1355 2055 provincia
1383 2018 1455 2043 non

103 2067 262 2114 haberet,
279 2067 485 2104 *amisissetis
517 2067 655 2114 Asiam,
676 2067 843 2114 Quirites,
863 2067 927 2103 nisi
948 2067 995 2104 ad
1015 2067 1135 2117 ipsum
1157 2067 1351 2105 discrimen
1378 2068 1454 2118 ejus

103 2129 272 2180 temporis
292 2129 463 2166 divinitus
483 2129 547 2167 Cn.
572 2130 791 2180 Pompeium
818 2130 863 2167 ad
895 2143 954 2167 eas
982 2130 1145 2179 regiones
1170 2130 1313 2167 fortuna
1332 2131 1453 2180 populi

104 2192 259 2231 Romani
291 2192 475 2230 attulisset.
528 2193 652 2244 Hujus
685 2194 862 2230 adventus
890 2198 926 2229 et
955 2191 1202 2229 Mithridatem
1235 2192 1373 2230 insolita
1403 2194 1454 2230 in-

103 2255 333 2293 flammatum
353 2255 500 2293 victoria
519 2256 702 2303 continuit,
723 2261 759 2293 et
777 2256 972 2305 Tigranem
993 2255 1134 2305 magnis
1159 2255 1269 2305 copiis
1289 2256 1454 2293 minitan-

103 2323 179 2357 tem
208 2318 537 2361 Asiae-retardavit.
590 2319 636 2356 Et
666 2319 860 2370 quisquam
889 2319 1079 2364 dubitabit,
1101 2318 1187 2368 quid
1218 2318 1348 2356 virtute
1378 2333 1454 2370 per-

104 2380 258 2419 fecturus
292 2381 351 2428 sit,
375 2381 433 2431 qui
466 2385 610 2419 tantum
639 2382 851 2419 auctoritate
881 2381 1089 2431 perfecerit?
1118 2385 1181 2418 aut
1208 2393 1321 2432 quam
1352 2382 1453 2421 facile
