<?xml version="1.0" encoding="UTF-8"?>
<!DOCTYPE html PUBLIC "-//W3C//DTD XHTML 1.0 Transitional//EN"
    "http://www.w3.org/TR/xhtml1/DTD/xhtml1-transitional.dtd">
<html xmlns="http://www.w3.org/1999/xhtml" xml:lang="en" lang="en">
 <head>
  <title>
</title>
<meta http-equiv="Content-Type" content="text/html;charset=utf-8" />
  <meta name='ocr-system' content='tesseract 3.04.00' />
  <meta name='ocr-capabilities' content='ocr_page ocr_carea ocr_par ocr_line ocrx_word'/>
</head>
<body>
  <div class='ocr_page' id='page_1' title='image "./selectorations00ciceuoft_0123.png"; bbox 0 0 1571 2651; ppageno 0'>
   <div class='ocr_carea' id='block_1_1' title="bbox 530 125 1477 160">
    <p class='ocr_par' dir='ltr' id='par_1_1' title="bbox 530 125 1477 160">
     <span class='ocr_line' id='line_1_1' title="bbox 530 125 1477 160; baseline -0.001 -1"><span class='ocrx_word' id='word_1_1' title='bbox 530 134 666 160; x_wconf 77' lang='lat' dir='ltr'>ORATIO</span> <span class='ocrx_word' id='word_1_2' title='bbox 694 134 767 159; x_wconf 79' lang='lat' dir='ltr'>PRo</span> <span class='ocrx_word' id='word_1_3' title='bbox 795 134 891 158; x_wconf 80' lang='lat' dir='ltr'>LEGE</span> <span class='ocrx_word' id='word_1_4' title='bbox 920 132 1092 158; x_wconf 69' lang='lat' dir='ltr'><strong>MANIHA.</strong></span> <span class='ocrx_word' id='word_1_5' title='bbox 1405 125 1477 158; x_wconf 87' lang='lat'>103</span> 
     </span>
    </p>
   </div>
   <div class='ocr_carea' id='block_1_2' title="bbox 140 235 1501 2411">
    <p class='ocr_par' dir='ltr' id='par_1_2' title="bbox 141 235 1481 412">
     <span class='ocr_line' id='line_1_2' title="bbox 143 235 1481 287; baseline -0.003 -11"><span class='ocrx_word' id='word_1_6' title='bbox 143 239 230 276; x_wconf 86' lang='lat' dir='ltr'>tales</span> <span class='ocrx_word' id='word_1_7' title='bbox 258 239 305 276; x_wconf 85' lang='lat' dir='ltr'>ad</span> <span class='ocrx_word' id='word_1_8' title='bbox 333 238 398 275; x_wconf 86' lang='lat' dir='ltr'>Cn.</span> <span class='ocrx_word' id='word_1_9' title='bbox 417 237 634 287; x_wconf 68' lang='lat' dir='ltr'>Pompeium</span> <span class='ocrx_word' id='word_1_10' title='bbox 663 236 889 274; x_wconf 85' lang='lat' dir='ltr'>detulerunt:</span> <span class='ocrx_word' id='word_1_11' title='bbox 919 236 1053 286; x_wconf 78' lang='lat' dir='ltr'>1¹quod</span> <span class='ocrx_word' id='word_1_12' title='bbox 1083 239 1124 271; x_wconf 85' lang='lat' dir='ltr'>ut</span> <span class='ocrx_word' id='word_1_13' title='bbox 1154 235 1201 271; x_wconf 85' lang='lat' dir='ltr'>illi</span> <span class='ocrx_word' id='word_1_14' title='bbox 1232 235 1413 284; x_wconf 78' lang='lat' dir='ltr'>proprium</span> <span class='ocrx_word' id='word_1_15' title='bbox 1440 248 1481 272; x_wconf 81' lang='lat' dir='ltr'>ae</span> 
     </span>
     <span class='ocr_line' id='line_1_3' title="bbox 142 297 1480 351; baseline -0.004 -14"><span class='ocrx_word' id='word_1_16' title='bbox 142 306 355 351; x_wconf 87' lang='lat' dir='ltr'>perpetuum</span> <span class='ocrx_word' id='word_1_17' title='bbox 374 300 428 346; x_wconf 86' lang='lat' dir='ltr'>sit,</span> <span class='ocrx_word' id='word_1_18' title='bbox 448 299 612 345; x_wconf 45' lang='lat' dir='ltr'>Quirites</span> <span class='ocrx_word' id='word_1_19' title='bbox 635 311 748 349; x_wconf 87' lang='lat' dir='ltr'>quum</span> <span class='ocrx_word' id='word_1_20' title='bbox 769 298 967 335; x_wconf 85' lang='lat' dir='ltr'>eommunis</span> <span class='ocrx_word' id='word_1_21' title='bbox 986 297 1103 333; x_wconf 78' lang='lat' dir='ltr'>salutis</span> <span class='ocrx_word' id='word_1_22' title='bbox 1123 301 1230 347; x_wconf 86' lang='lat' dir='ltr'>atque</span> <span class='ocrx_word' id='word_1_23' title='bbox 1242 297 1388 346; x_wconf 73' lang='lat' dir='ltr'>impelii,</span> <span class='ocrx_word' id='word_1_24' title='bbox 1402 302 1480 332; x_wconf 89' lang='lat' dir='ltr'>tum</span> 
     </span>
     <span class='ocr_line' id='line_1_4' title="bbox 141 358 1287 412; baseline -0.004 -13"><span class='ocrx_word' id='word_1_25' title='bbox 141 363 249 412; x_wconf 88' lang='lat' dir='ltr'>ipsius</span> <span class='ocrx_word' id='word_1_26' title='bbox 267 362 419 399; x_wconf 85' lang='lat' dir='ltr'>hominis</span> <span class='ocrx_word' id='word_1_27' title='bbox 439 374 555 407; x_wconf 80' lang='lat' dir='ltr'>eausa,</span> <span class='ocrx_word' id='word_1_28' title='bbox 573 361 675 398; x_wconf 81' lang='lat' dir='ltr'>sicuti</span> <span class='ocrx_word' id='word_1_29' title='bbox 693 361 814 407; x_wconf 77' lang='lat' dir='ltr'>facitis,</span> <span class='ocrx_word' id='word_1_30' title='bbox 836 360 923 397; x_wconf 85' lang='lat' dir='ltr'>velle</span> <span class='ocrx_word' id='word_1_31' title='bbox 944 364 980 396; x_wconf 86' lang='lat' dir='ltr'>et</span> <span class='ocrx_word' id='word_1_32' title='bbox 999 364 1118 409; x_wconf 78' lang='lat' dir='ltr'>optare</span> <span class='ocrx_word' id='word_1_33' title='bbox 1139 358 1287 396; x_wconf 84' lang='lat' dir='ltr'>debetis.</span> 
     </span>
    </p>

    <p class='ocr_par' dir='ltr' id='par_1_3' title="bbox 141 421 1482 849">
     <span class='ocr_line' id='line_1_5' title="bbox 222 421 1481 474; baseline -0.004 -13"><span class='ocrx_word' id='word_1_34' title='bbox 222 429 281 462; x_wconf 89' lang='grc'>49.</span> <span class='ocrx_word' id='word_1_35' title='bbox 311 425 336 442; x_wconf 80' lang='lat'>¹²</span> <span class='ocrx_word' id='word_1_36' title='bbox 347 424 468 468; x_wconf 76' lang='lat' dir='ltr'>Quare</span> <span class='ocrx_word' id='word_1_37' title='bbox 487 437 605 474; x_wconf 87' lang='lat' dir='ltr'>quum</span> <span class='ocrx_word' id='word_1_38' title='bbox 624 428 661 461; x_wconf 85' lang='lat' dir='ltr'>et</span> <span class='ocrx_word' id='word_1_39' title='bbox 686 423 821 460; x_wconf 86' lang='lat' dir='ltr'>bellum</span> <span class='ocrx_word' id='word_1_40' title='bbox 848 423 893 459; x_wconf 79' lang='lat' dir='ltr'>sit</span> <span class='ocrx_word' id='word_1_41' title='bbox 923 423 972 459; x_wconf 83' lang='lat' dir='ltr'>ita</span> <span class='ocrx_word' id='word_1_42' title='bbox 1003 422 1252 467; x_wconf 74' lang='lat' dir='ltr'>necessarium,</span> <span class='ocrx_word' id='word_1_43' title='bbox 1273 426 1313 457; x_wconf 83' lang='lat' dir='ltr'>ut</span> <span class='ocrx_word' id='word_1_44' title='bbox 1346 421 1481 470; x_wconf 59' lang='lat' dir='ltr'>negligi</span> 
     </span>
     <span class='ocr_line' id='line_1_6' title="bbox 141 484 1481 538; baseline -0.004 -15"><span class='ocrx_word' id='word_1_45' title='bbox 141 500 212 525; x_wconf 87' lang='lat' dir='ltr'>non</span> <span class='ocrx_word' id='word_1_46' title='bbox 231 487 348 538; x_wconf 84' lang='lat' dir='ltr'>possit,</span> <span class='ocrx_word' id='word_1_47' title='bbox 375 487 424 524; x_wconf 81' lang='lat' dir='ltr'>ita</span> <span class='ocrx_word' id='word_1_48' title='bbox 454 499 641 536; x_wconf 79' lang='lat' dir='ltr'>magnum,</span> <span class='ocrx_word' id='word_1_49' title='bbox 661 491 702 522; x_wconf 89' lang='lat' dir='ltr'>ut</span> <span class='ocrx_word' id='word_1_50' title='bbox 731 485 989 522; x_wconf 76' lang='lat' dir='ltr'>accuratissime</span> <span class='ocrx_word' id='word_1_51' title='bbox 1019 485 1063 520; x_wconf 84' lang='lat' dir='ltr'>sit</span> <span class='ocrx_word' id='word_1_52' title='bbox 1093 484 1425 528; x_wconf 76' lang='lat' dir='ltr'>administraiulum,</span> <span class='ocrx_word' id='word_1_53' title='bbox 1447 488 1481 518; x_wconf 80' lang='lat' dir='ltr'>et</span> 
     </span>
     <span class='ocr_line' id='line_1_7' title="bbox 143 545 1480 600; baseline -0.004 -15"><span class='ocrx_word' id='word_1_54' title='bbox 143 562 258 600; x_wconf 86' lang='lat' dir='ltr'>quum</span> <span class='ocrx_word' id='word_1_55' title='bbox 288 549 321 586; x_wconf 88' lang='lat' dir='ltr'>ei</span> <span class='ocrx_word' id='word_1_56' title='bbox 354 549 604 599; x_wconf 78' lang='lat' dir='ltr'>imperatorem</span> <span class='ocrx_word' id='word_1_57' title='bbox 633 547 812 598; x_wconf 81' lang='lat' dir='ltr'>praefieere</span> <span class='ocrx_word' id='word_1_58' title='bbox 842 547 987 597; x_wconf 81' lang='lat' dir='ltr'>possitis,</span> <span class='ocrx_word' id='word_1_59' title='bbox 1018 547 1055 582; x_wconf 90' lang='lat' dir='ltr'>in</span> <span class='ocrx_word' id='word_1_60' title='bbox 1078 559 1150 596; x_wconf 78' lang='lat' dir='ltr'>quo</span> <span class='ocrx_word' id='word_1_61' title='bbox 1179 546 1223 581; x_wconf 86' lang='lat' dir='ltr'>sit</span> <span class='ocrx_word' id='word_1_62' title='bbox 1242 546 1372 581; x_wconf 73' lang='lat' dir='ltr'>eximia</span> <span class='ocrx_word' id='word_1_63' title='bbox 1399 545 1480 581; x_wconf 74' lang='lat' dir='ltr'>belli</span> 
     </span>
     <span class='ocr_line' id='line_1_8' title="bbox 142 608 1473 660; baseline -0.005 -12"><span class='ocrx_word' id='word_1_64' title='bbox 142 611 299 658; x_wconf 84' lang='lat' dir='ltr'>seientia,</span> <span class='ocrx_word' id='word_1_65' title='bbox 330 610 517 660; x_wconf 80' lang='lat' dir='ltr'>singularis</span> <span class='ocrx_word' id='word_1_66' title='bbox 547 611 667 656; x_wconf 71' lang='lat' dir='ltr'>viltus,</span> <span class='ocrx_word' id='word_1_67' title='bbox 698 610 892 647; x_wconf 81' lang='lat' dir='ltr'>clarissima</span> <span class='ocrx_word' id='word_1_68' title='bbox 921 609 1116 654; x_wconf 65' lang='lat' dir='ltr'>auctoritas,</span> <span class='ocrx_word' id='word_1_69' title='bbox 1147 608 1294 657; x_wconf 71' lang='lat' dir='ltr'>egregia</span> <span class='ocrx_word' id='word_1_70' title='bbox 1322 608 1473 653; x_wconf 52' lang='lat' dir='ltr'>tbi-tuum</span> 
     </span>
     <span class='ocr_line' id='line_1_9' title="bbox 144 670 1481 723; baseline -0.004 -12"><span class='ocrx_word' id='word_1_71' title='bbox 144 674 397 720; x_wconf 82' lang='lat' dir='ltr'>¹³dubitabitis,</span> <span class='ocrx_word' id='word_1_72' title='bbox 419 674 582 719; x_wconf 76' lang='lat' dir='ltr'>Quirites,</span> <span class='ocrx_word' id='word_1_73' title='bbox 602 673 690 723; x_wconf 89' lang='lat' dir='ltr'>quin</span> <span class='ocrx_word' id='word_1_74' title='bbox 718 673 787 710; x_wconf 83' lang='grc'>1100</span> <span class='ocrx_word' id='word_1_75' title='bbox 813 677 954 708; x_wconf 87' lang='lat' dir='ltr'>tantum</span> <span class='ocrx_word' id='word_1_76' title='bbox 981 672 1074 718; x_wconf 85' lang='lat' dir='ltr'>boui,</span> <span class='ocrx_word' id='word_1_77' title='bbox 1095 672 1194 721; x_wconf 80' lang='lat' dir='ltr'>quod</span> <span class='ocrx_word' id='word_1_78' title='bbox 1222 671 1320 707; x_wconf 74' lang='lat' dir='ltr'>vobis</span> <span class='ocrx_word' id='word_1_79' title='bbox 1348 671 1395 707; x_wconf 84' lang='lat' dir='ltr'>ab</span> <span class='ocrx_word' id='word_1_80' title='bbox 1416 670 1481 706; x_wconf 85' lang='lat' dir='ltr'>diis</span> 
     </span>
     <span class='ocr_line' id='line_1_10' title="bbox 142 733 1482 783; baseline -0.003 -11"><span class='ocrx_word' id='word_1_81' title='bbox 142 736 403 774; x_wconf 80' lang='lat' dir='ltr'>immortalibus</span> <span class='ocrx_word' id='word_1_82' title='bbox 422 736 583 773; x_wconf 82' lang='lat' dir='ltr'>oblatum</span> <span class='ocrx_word' id='word_1_83' title='bbox 605 741 640 772; x_wconf 84' lang='lat' dir='ltr'>et</span> <span class='ocrx_word' id='word_1_84' title='bbox 660 736 783 772; x_wconf 79' lang='lat' dir='ltr'>clatum</span> <span class='ocrx_word' id='word_1_85' title='bbox 810 739 872 781; x_wconf 84' lang='lat' dir='ltr'>est,</span> <span class='ocrx_word' id='word_1_86' title='bbox 899 734 936 770; x_wconf 88' lang='lat' dir='ltr'>in</span> <span class='ocrx_word' id='word_1_87' title='bbox 964 747 1040 770; x_wconf 85' lang='lat' dir='ltr'>rem</span> <span class='ocrx_word' id='word_1_88' title='bbox 1069 733 1250 783; x_wconf 78' lang='lat' dir='ltr'>publicam</span> <span class='ocrx_word' id='word_1_89' title='bbox 1279 745 1482 769; x_wconf 76' lang='lat' dir='ltr'>conservan-</span> 
     </span>
     <span class='ocr_line' id='line_1_11' title="bbox 143 798 905 849; baseline -0.003 -13"><span class='ocrx_word' id='word_1_90' title='bbox 143 800 228 837; x_wconf 84' lang='lat' dir='ltr'>dam</span> <span class='ocrx_word' id='word_1_91' title='bbox 249 804 358 849; x_wconf 82' lang='lat' dir='ltr'>atque</span> <span class='ocrx_word' id='word_1_92' title='bbox 378 798 669 849; x_wconf 85' lang='lat' dir='ltr'>amplificandam</span> <span class='ocrx_word' id='word_1_93' title='bbox 699 798 905 835; x_wconf 66' lang='lat' dir='ltr'>conferatis?</span> 
     </span>
    </p>

    <p class='ocr_par' dir='ltr' id='par_1_4' title="bbox 140 859 1482 1350">
     <span class='ocr_line' id='line_1_12' title="bbox 221 859 1481 910; baseline -0.003 -11"><span class='ocrx_word' id='word_1_94' title='bbox 221 862 342 899; x_wconf 88' lang='lat' dir='ltr'><strong>XVII.</strong></span> <span class='ocrx_word' id='word_1_95' title='bbox 398 866 457 899; x_wconf 89' lang='lat'>50.</span> <span class='ocrx_word' id='word_1_96' title='bbox 485 861 592 905; x_wconf 79' lang='lat' dir='ltr'>Quod</span> <span class='ocrx_word' id='word_1_97' title='bbox 611 861 639 897; x_wconf 87' lang='lat' dir='ltr'>si</span> <span class='ocrx_word' id='word_1_98' title='bbox 667 861 794 898; x_wconf 84' lang='lat' dir='ltr'>Romae</span> <span class='ocrx_word' id='word_1_99' title='bbox 816 861 880 897; x_wconf 87' lang='lat' dir='ltr'>Cn.</span> <span class='ocrx_word' id='word_1_100' title='bbox 899 859 1093 910; x_wconf 80' lang='lat' dir='ltr'>Pompeius</span> <span class='ocrx_word' id='word_1_101' title='bbox 1120 859 1277 909; x_wconf 84' lang='lat' dir='ltr'>privatus</span> <span class='ocrx_word' id='word_1_102' title='bbox 1305 863 1396 895; x_wconf 84' lang='lat' dir='ltr'>esset</span> <span class='ocrx_word' id='word_1_103' title='bbox 1414 859 1481 895; x_wconf 91' lang='grc'>1100</span> 
     </span>
     <span class='ocr_line' id='line_1_13' title="bbox 143 922 1482 974; baseline -0.003 -13"><span class='ocrx_word' id='word_1_104' title='bbox 143 929 313 974; x_wconf 84' lang='lat' dir='ltr'>tempore,</span> <span class='ocrx_word' id='word_1_105' title='bbox 333 929 455 961; x_wconf 75' lang='lat' dir='ltr'>tamen</span> <span class='ocrx_word' id='word_1_106' title='bbox 476 924 523 961; x_wconf 85' lang='lat' dir='ltr'>ad</span> <span class='ocrx_word' id='word_1_107' title='bbox 542 929 682 960; x_wconf 84' lang='lat' dir='ltr'>tantum</span> <span class='ocrx_word' id='word_1_108' title='bbox 702 923 837 960; x_wconf 87' lang='lat' dir='ltr'>bellum</span> <span class='ocrx_word' id='word_1_109' title='bbox 857 923 887 959; x_wconf 89' lang='lat' dir='ltr'>is</span> <span class='ocrx_word' id='word_1_110' title='bbox 901 927 974 959; x_wconf 85' lang='lat' dir='ltr'>erat</span> <span class='ocrx_word' id='word_1_111' title='bbox 994 922 1196 971; x_wconf 71' lang='lat' dir='ltr'>diligendus</span> <span class='ocrx_word' id='word_1_112' title='bbox 1216 926 1324 972; x_wconf 82' lang='lat' dir='ltr'>atque</span> <span class='ocrx_word' id='word_1_113' title='bbox 1340 922 1482 957; x_wconf 88' lang='lat' dir='ltr'>mitten-</span> 
     </span>
     <span class='ocr_line' id='line_1_14' title="bbox 142 979 1482 1037; baseline -0.002 -13"><span class='ocrx_word' id='word_1_114' title='bbox 142 988 220 1025; x_wconf 75' lang='lat' dir='ltr'>dus.</span> <span class='ocrx_word' id='word_1_115' title='bbox 273 987 390 1034; x_wconf 83' lang='lat' dir='ltr'>Nune,</span> <span class='ocrx_word' id='word_1_116' title='bbox 411 1000 525 1037; x_wconf 82' lang='lat' dir='ltr'>quum</span> <span class='ocrx_word' id='word_1_117' title='bbox 553 987 599 1023; x_wconf 84' lang='lat' dir='ltr'>ad</span> <span class='ocrx_word' id='word_1_118' title='bbox 620 992 752 1023; x_wconf 75' lang='lat' dir='ltr'>ceteras</span> <span class='ocrx_word' id='word_1_119' title='bbox 779 999 939 1023; x_wconf 85' lang='lat' dir='ltr'>summas</span> <span class='ocrx_word' id='word_1_120' title='bbox 967 985 1132 1022; x_wconf 72' lang='lat' dir='ltr'>utilitates</span> <span class='ocrx_word' id='word_1_121' title='bbox 1159 985 1239 1021; x_wconf 79' lang='lat' dir='ltr'>haee</span> <span class='ocrx_word' id='word_1_122' title='bbox 1259 997 1402 1035; x_wconf 85' lang='lat' dir='ltr'>quoque</span> <span class='ocrx_word' id='word_1_123' title='bbox 1422 979 1482 1034; x_wconf 62' lang='grc'>011-</span> 
     </span>
     <span class='ocr_line' id='line_1_15' title="bbox 141 1047 1481 1100; baseline -0.002 -14"><span class='ocrx_word' id='word_1_124' title='bbox 141 1050 338 1100; x_wconf 75' lang='lat' dir='ltr'>portunitas</span> <span class='ocrx_word' id='word_1_125' title='bbox 358 1050 582 1100; x_wconf 79' lang='lat' dir='ltr'>adjungatur,</span> <span class='ocrx_word' id='word_1_126' title='bbox 602 1054 641 1086; x_wconf 83' lang='lat' dir='ltr'>ut</span> <span class='ocrx_word' id='word_1_127' title='bbox 663 1049 718 1086; x_wconf 84' lang='lat' dir='ltr'>¹in</span> <span class='ocrx_word' id='word_1_128' title='bbox 738 1049 778 1085; x_wconf 90' lang='lat' dir='ltr'>iis</span> <span class='ocrx_word' id='word_1_129' title='bbox 797 1049 880 1099; x_wconf 84' lang='lat' dir='ltr'>ipsis</span> <span class='ocrx_word' id='word_1_130' title='bbox 899 1048 984 1085; x_wconf 89' lang='lat' dir='ltr'>loeis</span> <span class='ocrx_word' id='word_1_131' title='bbox 1008 1048 1109 1094; x_wconf 81' lang='lat' dir='ltr'>adsit,</span> <span class='ocrx_word' id='word_1_132' title='bbox 1130 1054 1170 1084; x_wconf 79' lang='lat' dir='ltr'>ut</span> <span class='ocrx_word' id='word_1_133' title='bbox 1196 1047 1331 1084; x_wconf 86' lang='lat' dir='ltr'>habeat</span> <span class='ocrx_word' id='word_1_134' title='bbox 1350 1047 1481 1084; x_wconf 82' lang='lat' dir='ltr'>exerei-</span> 
     </span>
     <span class='ocr_line' id='line_1_16' title="bbox 140 1111 1481 1162; baseline -0.001 -14"><span class='ocrx_word' id='word_1_135' title='bbox 140 1117 231 1159; x_wconf 84' lang='lat' dir='ltr'>tum,</span> <span class='ocrx_word' id='word_1_136' title='bbox 251 1117 290 1149; x_wconf 84' lang='lat' dir='ltr'>ut</span> <span class='ocrx_word' id='word_1_137' title='bbox 308 1113 354 1149; x_wconf 86' lang='lat' dir='ltr'>ab</span> <span class='ocrx_word' id='word_1_138' title='bbox 374 1112 414 1148; x_wconf 91' lang='lat' dir='ltr'>iis</span> <span class='ocrx_word' id='word_1_139' title='bbox 434 1113 494 1162; x_wconf 83' lang='lat' dir='ltr'>qui</span> <span class='ocrx_word' id='word_1_140' title='bbox 526 1112 670 1158; x_wconf 87' lang='lat' dir='ltr'>habent,</span> <span class='ocrx_word' id='word_1_141' title='bbox 690 1112 847 1161; x_wconf 76' lang='lat' dir='ltr'>accipere</span> <span class='ocrx_word' id='word_1_142' title='bbox 878 1112 996 1147; x_wconf 86' lang='lat' dir='ltr'>statim</span> <span class='ocrx_word' id='word_1_143' title='bbox 1027 1111 1143 1160; x_wconf 81' lang='lat' dir='ltr'>possit,</span> <span class='ocrx_word' id='word_1_144' title='bbox 1164 1111 1275 1160; x_wconf 80' lang='lat' dir='ltr'>²quid</span> <span class='ocrx_word' id='word_1_145' title='bbox 1305 1115 1481 1160; x_wconf 80' lang='lat' dir='ltr'>exspecta-</span> 
     </span>
     <span class='ocr_line' id='line_1_17' title="bbox 141 1173 1482 1221; baseline -0.002 -8"><span class='ocrx_word' id='word_1_146' title='bbox 141 1176 245 1213; x_wconf 68' lang='lat' dir='ltr'>mus?</span> <span class='ocrx_word' id='word_1_147' title='bbox 274 1180 336 1212; x_wconf 84' lang='lat' dir='ltr'>aut</span> <span class='ocrx_word' id='word_1_148' title='bbox 355 1175 440 1212; x_wconf 77' lang='lat' dir='ltr'>³eu1·</span> <span class='ocrx_word' id='word_1_149' title='bbox 466 1188 548 1221; x_wconf 86' lang='lat' dir='ltr'>non,</span> <span class='ocrx_word' id='word_1_150' title='bbox 569 1175 719 1212; x_wconf 69' lang='lat' dir='ltr'>ductibus</span> <span class='ocrx_word' id='word_1_151' title='bbox 739 1175 804 1212; x_wconf 86' lang='lat' dir='ltr'>diis</span> <span class='ocrx_word' id='word_1_152' title='bbox 832 1174 1101 1219; x_wconf 81' lang='lat' dir='ltr'>innnortalibus,</span> <span class='ocrx_word' id='word_1_153' title='bbox 1129 1174 1257 1220; x_wconf 86' lang='lat' dir='ltr'>eidem,</span> <span class='ocrx_word' id='word_1_154' title='bbox 1278 1173 1339 1210; x_wconf 80' lang='lat' dir='ltr'>eui·</span> <span class='ocrx_word' id='word_1_155' title='bbox 1365 1178 1482 1210; x_wconf 73' lang='lat' dir='ltr'>cetera</span> 
     </span>
     <span class='ocr_line' id='line_1_18' title="bbox 140 1236 1481 1287; baseline -0.001 -13"><span class='ocrx_word' id='word_1_156' title='bbox 140 1250 284 1274; x_wconf 87' lang='lat' dir='ltr'>summa</span> <span class='ocrx_word' id='word_1_157' title='bbox 302 1251 384 1276; x_wconf 84' lang='lat' dir='ltr'>cum</span> <span class='ocrx_word' id='word_1_158' title='bbox 403 1238 514 1281; x_wconf 88' lang='lat' dir='ltr'>salute</span> <span class='ocrx_word' id='word_1_159' title='bbox 534 1237 582 1274; x_wconf 84' lang='lat' dir='ltr'>rei</span> <span class='ocrx_word' id='word_1_160' title='bbox 603 1237 754 1287; x_wconf 81' lang='lat' dir='ltr'>publieae</span> <span class='ocrx_word' id='word_1_161' title='bbox 775 1237 965 1274; x_wconf 84' lang='lat' dir='ltr'>commissa</span> <span class='ocrx_word' id='word_1_162' title='bbox 983 1241 1074 1282; x_wconf 87' lang='lat' dir='ltr'>sunt,</span> <span class='ocrx_word' id='word_1_163' title='bbox 1093 1236 1162 1273; x_wconf 80' lang='lat' dir='ltr'>hoc</span> <span class='ocrx_word' id='word_1_164' title='bbox 1182 1249 1325 1286; x_wconf 82' lang='lat' dir='ltr'>quoque</span> <span class='ocrx_word' id='word_1_165' title='bbox 1345 1236 1481 1273; x_wconf 82' lang='lat' dir='ltr'>bellum</span> 
     </span>
     <span class='ocr_line' id='line_1_19' title="bbox 140 1300 592 1350; baseline 0 -14"><span class='ocrx_word' id='word_1_166' title='bbox 140 1300 283 1350; x_wconf 82' lang='lat' dir='ltr'>regium</span> <span class='ocrx_word' id='word_1_167' title='bbox 301 1300 592 1337; x_wconf 74' lang='lat' dir='ltr'>committamus?</span> 
     </span>
    </p>

    <p class='ocr_par' dir='ltr' id='par_1_5' title="bbox 140 1360 1501 2411">
     <span class='ocr_line' id='line_1_20' title="bbox 221 1360 1481 1410; baseline -0.002 -11"><span class='ocrx_word' id='word_1_168' title='bbox 221 1366 281 1400; x_wconf 89' lang='lat'>51.</span> <span class='ocrx_word' id='word_1_169' title='bbox 308 1362 374 1399; x_wconf 77' lang='lat' dir='ltr'>⁴At</span> <span class='ocrx_word' id='word_1_170' title='bbox 393 1362 490 1399; x_wconf 84' lang='lat' dir='ltr'>enim</span> <span class='ocrx_word' id='word_1_171' title='bbox 513 1362 564 1398; x_wconf 80' lang='lat' dir='ltr'>vir</span> <span class='ocrx_word' id='word_1_172' title='bbox 583 1361 807 1407; x_wconf 77' lang='lat' dir='ltr'>clarissimus,</span> <span class='ocrx_word' id='word_1_173' title='bbox 827 1361 1089 1398; x_wconf 72' lang='lat' dir='ltr'>amantissimus</span> <span class='ocrx_word' id='word_1_174' title='bbox 1103 1360 1152 1397; x_wconf 81' lang='lat' dir='ltr'>rei</span> <span class='ocrx_word' id='word_1_175' title='bbox 1174 1360 1339 1410; x_wconf 76' lang='lat' dir='ltr'>publicae,</span> <span class='ocrx_word' id='word_1_176' title='bbox 1359 1360 1481 1397; x_wconf 83' lang='lat' dir='ltr'>vestris</span> 
     </span>
     <span class='ocr_line' id='line_1_21' title="bbox 140 1424 1482 1475; baseline 0 -15"><span class='ocrx_word' id='word_1_177' title='bbox 140 1425 319 1462; x_wconf 83' lang='lat' dir='ltr'>benefieiis</span> <span class='ocrx_word' id='word_1_178' title='bbox 339 1425 564 1475; x_wconf 76' lang='lat' dir='ltr'>amplissimis</span> <span class='ocrx_word' id='word_1_179' title='bbox 589 1424 743 1470; x_wconf 78' lang='lat' dir='ltr'>aflectus,</span> <span class='ocrx_word' id='word_1_180' title='bbox 764 1425 806 1468; x_wconf 82' lang='lat' dir='ltr'>Q.</span> <span class='ocrx_word' id='word_1_181' title='bbox 827 1424 982 1469; x_wconf 75' lang='lat' dir='ltr'>Catulus,</span> <span class='ocrx_word' id='word_1_182' title='bbox 1013 1424 1174 1474; x_wconf 67' lang='lat' dir='ltr'>itemque</span> <span class='ocrx_word' id='word_1_183' title='bbox 1204 1424 1353 1460; x_wconf 88' lang='lat' dir='ltr'>summis</span> <span class='ocrx_word' id='word_1_184' title='bbox 1383 1437 1482 1461; x_wconf 80' lang='lat' dir='ltr'>orna-</span> 
     </span>
     <span class='ocr_line' id='line_1_22' title="bbox 143 1486 1480 1536; baseline -0.001 -14"><span class='ocrx_word' id='word_1_185' title='bbox 143 1487 273 1523; x_wconf 82' lang='lat' dir='ltr'>mentis</span> <span class='ocrx_word' id='word_1_186' title='bbox 290 1486 443 1532; x_wconf 70' lang='lat' dir='ltr'>honuris,</span> <span class='ocrx_word' id='word_1_187' title='bbox 471 1487 633 1532; x_wconf 71' lang='lat' dir='ltr'>fortunm,</span> <span class='ocrx_word' id='word_1_188' title='bbox 653 1486 800 1532; x_wconf 44' lang='lat' dir='ltr'>virtutis</span> <span class='ocrx_word' id='word_1_189' title='bbox 827 1486 961 1535; x_wconf 71' lang='lat' dir='ltr'>ingenii</span> <span class='ocrx_word' id='word_1_190' title='bbox 989 1486 1167 1536; x_wconf 69' lang='lat' dir='ltr'>proeditus,</span> <span class='ocrx_word' id='word_1_191' title='bbox 1198 1486 1241 1529; x_wconf 78' lang='lat' dir='ltr'>Q.</span> <span class='ocrx_word' id='word_1_192' title='bbox 1261 1486 1480 1532; x_wconf 80' lang='lat' dir='ltr'>Hortensius,</span> 
     </span>
     <span class='ocr_line' id='line_1_23' title="bbox 143 1548 1481 1598; baseline -0.001 -12"><span class='ocrx_word' id='word_1_193' title='bbox 143 1549 189 1586; x_wconf 83' lang='lat' dir='ltr'>ab</span> <span class='ocrx_word' id='word_1_194' title='bbox 222 1549 289 1585; x_wconf 86' lang='lat' dir='ltr'>hac</span> <span class='ocrx_word' id='word_1_195' title='bbox 316 1549 450 1586; x_wconf 84' lang='lat' dir='ltr'>ratione</span> <span class='ocrx_word' id='word_1_196' title='bbox 479 1549 708 1586; x_wconf 82' lang='lat' dir='ltr'>dissentiunt:</span> <span class='ocrx_word' id='word_1_197' title='bbox 746 1561 899 1598; x_wconf 71' lang='lat' dir='ltr'>quorum</span> <span class='ocrx_word' id='word_1_198' title='bbox 928 1561 996 1597; x_wconf 74' lang='lat' dir='ltr'>ego</span> <span class='ocrx_word' id='word_1_199' title='bbox 1023 1548 1267 1584; x_wconf 77' lang='lat' dir='ltr'>auctoritatem</span> <span class='ocrx_word' id='word_1_200' title='bbox 1297 1548 1393 1597; x_wconf 81' lang='lat' dir='ltr'>apud</span> <span class='ocrx_word' id='word_1_201' title='bbox 1421 1561 1481 1585; x_wconf 82' lang='lat' dir='ltr'>vos</span> 
     </span>
     <span class='ocr_line' id='line_1_24' title="bbox 141 1611 1481 1661; baseline 0 -13"><span class='ocrx_word' id='word_1_202' title='bbox 141 1612 262 1648; x_wconf 80' lang='lat' dir='ltr'>multis</span> <span class='ocrx_word' id='word_1_203' title='bbox 281 1611 366 1649; x_wconf 86' lang='lat' dir='ltr'>loeis</span> <span class='ocrx_word' id='word_1_204' title='bbox 385 1611 578 1661; x_wconf 84' lang='lat' dir='ltr'>plurimum</span> <span class='ocrx_word' id='word_1_205' title='bbox 599 1611 758 1656; x_wconf 79' lang='lat' dir='ltr'>valuisse,</span> <span class='ocrx_word' id='word_1_206' title='bbox 779 1616 815 1647; x_wconf 89' lang='lat' dir='ltr'>et</span> <span class='ocrx_word' id='word_1_207' title='bbox 834 1611 948 1647; x_wconf 82' lang='lat' dir='ltr'>valere</span> <span class='ocrx_word' id='word_1_208' title='bbox 969 1615 1127 1660; x_wconf 80' lang='lat' dir='ltr'>oportere</span> <span class='ocrx_word' id='word_1_209' title='bbox 1148 1612 1334 1656; x_wconf 75' lang='lat' dir='ltr'>confiteor-3</span> <span class='ocrx_word' id='word_1_210' title='bbox 1361 1611 1425 1648; x_wconf 85' lang='lat' dir='ltr'>sed</span> <span class='ocrx_word' id='word_1_211' title='bbox 1443 1611 1481 1648; x_wconf 88' lang='lat' dir='ltr'>in</span> 
     </span>
     <span class='ocr_line' id='line_1_25' title="bbox 141 1673 1482 1723; baseline -0.001 -13"><span class='ocrx_word' id='word_1_212' title='bbox 141 1673 210 1711; x_wconf 80' lang='lat' dir='ltr'>hae</span> <span class='ocrx_word' id='word_1_213' title='bbox 229 1686 344 1720; x_wconf 79' lang='lat' dir='ltr'>causa,</span> <span class='ocrx_word' id='word_1_214' title='bbox 367 1673 526 1710; x_wconf 76' lang='lat' dir='ltr'>‘&#39;tametsi</span> <span class='ocrx_word' id='word_1_215' title='bbox 549 1673 766 1723; x_wconf 67' lang='lat' dir='ltr'>cognoscetis</span> <span class='ocrx_word' id='word_1_216' title='bbox 794 1673 1017 1709; x_wconf 67' lang='lat' dir='ltr'>auctoritates</span> <span class='ocrx_word' id='word_1_217' title='bbox 1037 1673 1224 1709; x_wconf 84' lang='lat' dir='ltr'>contrarias</span> <span class='ocrx_word' id='word_1_218' title='bbox 1244 1673 1397 1710; x_wconf 79' lang='lat' dir='ltr'>virorum</span> <span class='ocrx_word' id='word_1_219' title='bbox 1417 1674 1482 1710; x_wconf 90' lang='lat' dir='ltr'>for-</span> 
     </span>
     <span class='ocr_line' id='line_1_26' title="bbox 140 1736 1480 1786; baseline 0 -13"><span class='ocrx_word' id='word_1_220' title='bbox 140 1737 358 1774; x_wconf 84' lang='lat' dir='ltr'>tissimorum</span> <span class='ocrx_word' id='word_1_221' title='bbox 378 1740 414 1773; x_wconf 79' lang='lat' dir='ltr'>et,</span> <span class='ocrx_word' id='word_1_222' title='bbox 432 1736 714 1783; x_wconf 81' lang='lat' dir='ltr'>clarissimorum,</span> <span class='ocrx_word' id='word_1_223' title='bbox 733 1740 865 1779; x_wconf 80' lang='lat' dir='ltr'>tamen,</span> <span class='ocrx_word' id='word_1_224' title='bbox 893 1736 1030 1772; x_wconf 84' lang='lat' dir='ltr'>omissis</span> <span class='ocrx_word' id='word_1_225' title='bbox 1058 1736 1329 1782; x_wconf 77' lang='lat' dir='ltr'>auetoritatibus,</span> <span class='ocrx_word' id='word_1_226' title='bbox 1350 1737 1425 1786; x_wconf 84' lang='lat' dir='ltr'>ipsa</span> <span class='ocrx_word' id='word_1_227' title='bbox 1443 1749 1480 1773; x_wconf 85' lang='lat' dir='ltr'>re</span> 
     </span>
     <span class='ocr_line' id='line_1_27' title="bbox 141 1798 1480 1849; baseline 0 -13"><span class='ocrx_word' id='word_1_228' title='bbox 141 1811 183 1836; x_wconf 85' lang='lat' dir='ltr'>ac</span> <span class='ocrx_word' id='word_1_229' title='bbox 201 1799 334 1836; x_wconf 82' lang='lat' dir='ltr'>ratione</span> <span class='ocrx_word' id='word_1_230' title='bbox 353 1798 541 1849; x_wconf 80' lang='lat' dir='ltr'>exquirere</span> <span class='ocrx_word' id='word_1_231' title='bbox 561 1799 746 1848; x_wconf 83' lang='lat' dir='ltr'>possumus</span> <span class='ocrx_word' id='word_1_232' title='bbox 767 1798 971 1842; x_wconf 75' lang='lat' dir='ltr'>veritatem3</span> <span class='ocrx_word' id='word_1_233' title='bbox 1001 1802 1109 1848; x_wconf 73' lang='lat' dir='ltr'>atque</span> <span class='ocrx_word' id='word_1_234' title='bbox 1128 1798 1198 1835; x_wconf 90' lang='grc'>1100</span> <span class='ocrx_word' id='word_1_235' title='bbox 1216 1798 1363 1845; x_wconf 77' lang='lat' dir='ltr'>facilius,</span> <span class='ocrx_word' id='word_1_236' title='bbox 1383 1799 1480 1848; x_wconf 77' lang='lat' dir='ltr'>quod</span> 
     </span>
     <span class='ocr_line' id='line_1_28' title="bbox 141 1860 1480 1910; baseline -0.001 -12"><span class='ocrx_word' id='word_1_237' title='bbox 141 1873 186 1898; x_wconf 85' lang='lat' dir='ltr'>ea</span> <span class='ocrx_word' id='word_1_238' title='bbox 203 1860 332 1907; x_wconf 87' lang='lat' dir='ltr'>omnia,</span> <span class='ocrx_word' id='word_1_239' title='bbox 354 1872 437 1910; x_wconf 84' lang='lat' dir='ltr'>quae</span> <span class='ocrx_word' id='word_1_240' title='bbox 456 1872 478 1896; x_wconf 90' lang='lat' dir='ltr'>a</span> <span class='ocrx_word' id='word_1_241' title='bbox 496 1872 555 1897; x_wconf 87' lang='lat' dir='ltr'>me</span> <span class='ocrx_word' id='word_1_242' title='bbox 575 1860 696 1897; x_wconf 82' lang='lat' dir='ltr'>adhue</span> <span class='ocrx_word' id='word_1_243' title='bbox 716 1861 812 1897; x_wconf 84' lang='lat' dir='ltr'>dieta</span> <span class='ocrx_word' id='word_1_244' title='bbox 830 1864 921 1906; x_wconf 84' lang='lat' dir='ltr'>sunt,</span> <span class='ocrx_word' id='word_1_245' title='bbox 941 1860 1050 1896; x_wconf 83' lang='lat' dir='ltr'>iidem</span> <span class='ocrx_word' id='word_1_246' title='bbox 1077 1860 1132 1896; x_wconf 87' lang='lat' dir='ltr'>isti</span> <span class='ocrx_word' id='word_1_247' title='bbox 1154 1873 1238 1896; x_wconf 85' lang='lat' dir='ltr'>vera</span> <span class='ocrx_word' id='word_1_248' title='bbox 1265 1873 1339 1897; x_wconf 88' lang='lat' dir='ltr'>esse</span> <span class='ocrx_word' id='word_1_249' title='bbox 1360 1874 1480 1897; x_wconf 81' lang='grc'>001100-</span> 
     </span>
     <span class='ocr_line' id='line_1_29' title="bbox 142 1923 1481 1971; baseline -0.001 -11"><span class='ocrx_word' id='word_1_250' title='bbox 142 1923 242 1969; x_wconf 72' lang='lat' dir='ltr'>dunt,</span> <span class='ocrx_word' id='word_1_251' title='bbox 261 1926 297 1959; x_wconf 74' lang='lat' dir='ltr'>et,</span> <span class='ocrx_word' id='word_1_252' title='bbox 314 1923 551 1960; x_wconf 78' lang='lat' dir='ltr'>necessarium</span> <span class='ocrx_word' id='word_1_253' title='bbox 572 1923 707 1959; x_wconf 87' lang='lat' dir='ltr'>bellum</span> <span class='ocrx_word' id='word_1_254' title='bbox 729 1936 803 1960; x_wconf 87' lang='lat' dir='ltr'>esse</span> <span class='ocrx_word' id='word_1_255' title='bbox 824 1927 860 1960; x_wconf 87' lang='lat' dir='ltr'>et</span> <span class='ocrx_word' id='word_1_256' title='bbox 879 1936 1066 1971; x_wconf 74' lang='lat' dir='ltr'>magnum,</span> <span class='ocrx_word' id='word_1_257' title='bbox 1087 1927 1122 1959; x_wconf 89' lang='lat' dir='ltr'>et</span> <span class='ocrx_word' id='word_1_258' title='bbox 1140 1923 1177 1959; x_wconf 88' lang='lat' dir='ltr'>iu</span> <span class='ocrx_word' id='word_1_259' title='bbox 1196 1936 1269 1960; x_wconf 88' lang='lat' dir='ltr'>uuo</span> <span class='ocrx_word' id='word_1_260' title='bbox 1289 1923 1353 1961; x_wconf 83' lang='lat' dir='ltr'>Cn.</span> <span class='ocrx_word' id='word_1_261' title='bbox 1373 1923 1481 1960; x_wconf 82' lang='lat' dir='ltr'>I’om-</span> 
     </span>
     <span class='ocr_line' id='line_1_30' title="bbox 141 1985 1501 2035; baseline -0.001 -13"><span class='ocrx_word' id='word_1_262' title='bbox 141 1985 223 2035; x_wconf 86' lang='lat' dir='ltr'>peio</span> <span class='ocrx_word' id='word_1_263' title='bbox 245 1997 390 2021; x_wconf 87' lang='lat' dir='ltr'>summa</span> <span class='ocrx_word' id='word_1_264' title='bbox 417 1998 492 2022; x_wconf 83' lang='lat' dir='ltr'>esse</span> <span class='ocrx_word' id='word_1_265' title='bbox 519 1985 650 2022; x_wconf 85' lang='lat' dir='ltr'>omnia.</span> <span class='ocrx_word' id='word_1_266' title='bbox 704 1989 763 2023; x_wconf 77' lang='lat'>52.</span> <span class='ocrx_word' id='word_1_267' title='bbox 791 1985 888 2029; x_wconf 87' lang='lat' dir='ltr'>Quid</span> <span class='ocrx_word' id='word_1_268' title='bbox 915 1985 1023 2034; x_wconf 66' lang='lat' dir='ltr'>igitur</span> <span class='ocrx_word' id='word_1_269' title='bbox 1055 1985 1104 2021; x_wconf 82' lang='lat' dir='ltr'>ait</span> <span class='ocrx_word' id='word_1_270' title='bbox 1132 1985 1364 2022; x_wconf 62' lang='lat' dir='ltr'>Hortensius?</span> <span class='ocrx_word' id='word_1_271' title='bbox 1420 1985 1501 2035; x_wconf 17' lang='lat' dir='ltr'>“Sim</span> 
     </span>
     <span class='ocr_line' id='line_1_31' title="bbox 142 2047 1497 2098; baseline 0.001 -14"><span class='ocrx_word' id='word_1_272' title='bbox 142 2047 202 2084; x_wconf 82' lang='lat' dir='ltr'>uni</span> <span class='ocrx_word' id='word_1_273' title='bbox 221 2048 341 2084; x_wconf 85' lang='lat' dir='ltr'>omnia</span> <span class='ocrx_word' id='word_1_274' title='bbox 359 2047 548 2085; x_wconf 85' lang='lat' dir='ltr'>tribuenda</span> <span class='ocrx_word' id='word_1_275' title='bbox 566 2048 644 2094; x_wconf 84' lang='lat' dir='ltr'>sint,</span> <span class='ocrx_word' id='word_1_276' title='bbox 663 2061 776 2084; x_wconf 88' lang='lat' dir='ltr'>unum</span> <span class='ocrx_word' id='word_1_277' title='bbox 796 2048 1047 2098; x_wconf 77' lang='lat' dir='ltr'>dignissimum</span> <span class='ocrx_word' id='word_1_278' title='bbox 1062 2061 1136 2085; x_wconf 75' lang='lat' dir='ltr'>esse</span> <span class='ocrx_word' id='word_1_279' title='bbox 1151 2048 1367 2098; x_wconf 84' lang='lat' dir='ltr'>Pompeium</span> <span class='ocrx_word' id='word_1_280' title='bbox 1382 2061 1389 2093; x_wconf 81' lang='lat'>3</span> <span class='ocrx_word' id='word_1_281' title='bbox 1417 2048 1497 2085; x_wconf 60' lang='lat' dir='ltr'>sod*</span> 
     </span>
     <span class='ocr_line' id='line_1_32' title="bbox 142 2110 1480 2160; baseline -0.001 -12"><span class='ocrx_word' id='word_1_282' title='bbox 142 2111 189 2148; x_wconf 87' lang='lat' dir='ltr'>ad</span> <span class='ocrx_word' id='word_1_283' title='bbox 209 2123 321 2147; x_wconf 86' lang='lat' dir='ltr'>unum</span> <span class='ocrx_word' id='word_1_284' title='bbox 343 2114 467 2147; x_wconf 82' lang='lat' dir='ltr'>tamen</span> <span class='ocrx_word' id='word_1_285' title='bbox 485 2110 606 2148; x_wconf 85' lang='lat' dir='ltr'>omnia</span> <span class='ocrx_word' id='word_1_286' title='bbox 625 2111 750 2148; x_wconf 81' lang='lat' dir='ltr'>deferri</span> <span class='ocrx_word' id='word_1_287' title='bbox 772 2124 843 2148; x_wconf 85' lang='lat' dir='ltr'>non</span> <span class='ocrx_word' id='word_1_288' title='bbox 870 2116 1040 2160; x_wconf 83' lang='lat' dir='ltr'>oportere.</span> <span class='ocrx_word' id='word_1_289' title='bbox 1093 2111 1276 2148; x_wconf 76' lang='lat' dir='ltr'>Obsolevit</span> <span class='ocrx_word' id='word_1_290' title='bbox 1290 2111 1366 2160; x_wconf 79' lang='lat' dir='ltr'>jam</span> <span class='ocrx_word' id='word_1_291' title='bbox 1393 2111 1403 2128; x_wconf 89' lang='lat'>⁷</span> <span class='ocrx_word' id='word_1_292' title='bbox 1416 2111 1480 2147; x_wconf 80' lang='lat' dir='ltr'>ista</span> 
     </span>
     <span class='ocr_line' id='line_1_33' title="bbox 141 2172 1480 2223; baseline 0 -13"><span class='ocrx_word' id='word_1_293' title='bbox 141 2173 261 2218; x_wconf 82' lang='lat' dir='ltr'>oratio,</span> <span class='ocrx_word' id='word_1_294' title='bbox 281 2185 318 2210; x_wconf 82' lang='lat' dir='ltr'>re</span> <span class='ocrx_word' id='word_1_295' title='bbox 338 2172 451 2209; x_wconf 85' lang='lat' dir='ltr'>multo</span> <span class='ocrx_word' id='word_1_296' title='bbox 474 2173 591 2222; x_wconf 79' lang='lat' dir='ltr'>magis</span> <span class='ocrx_word' id='word_1_297' title='bbox 615 2186 725 2223; x_wconf 85' lang='lat' dir='ltr'>quam</span> <span class='ocrx_word' id='word_1_298' title='bbox 756 2173 870 2210; x_wconf 81' lang='lat' dir='ltr'>verbis</span> <span class='ocrx_word' id='word_1_299' title='bbox 900 2173 1060 2210; x_wconf 80' lang='lat' dir='ltr'>refutata.</span> <span class='ocrx_word' id='word_1_300' title='bbox 1114 2173 1210 2209; x_wconf 77' lang='lat' dir='ltr'>Nam</span> <span class='ocrx_word' id='word_1_301' title='bbox 1241 2177 1279 2208; x_wconf 86' lang='lat' dir='ltr'>tu</span> <span class='ocrx_word' id='word_1_302' title='bbox 1308 2173 1415 2218; x_wconf 74' lang='lat' dir='ltr'>idem,</span> <span class='ocrx_word' id='word_1_303' title='bbox 1436 2173 1480 2216; x_wconf 80' lang='lat' dir='ltr'>Q.</span> 
     </span>
     <span class='ocr_line' id='line_1_34' title="bbox 141 2234 1480 2285; baseline -0.001 -13"><span class='ocrx_word' id='word_1_304' title='bbox 141 2234 320 2281; x_wconf 81' lang='lat' dir='ltr'>Hortensi,</span> <span class='ocrx_word' id='word_1_305' title='bbox 340 2234 463 2281; x_wconf 83' lang='lat' dir='ltr'>multa,</span> <span class='ocrx_word' id='word_1_306' title='bbox 493 2234 578 2285; x_wconf 74' lang='grc' dir='ltr'>ΒΡιὉ</span> <span class='ocrx_word' id='word_1_307' title='bbox 596 2240 660 2272; x_wconf 85' lang='lat' dir='ltr'>tua</span> <span class='ocrx_word' id='word_1_308' title='bbox 691 2249 834 2272; x_wconf 83' lang='lat' dir='ltr'>summa</span> <span class='ocrx_word' id='word_1_309' title='bbox 862 2236 963 2285; x_wconf 77' lang='lat' dir='ltr'>eopia</span> <span class='ocrx_word' id='word_1_310' title='bbox 982 2249 1023 2272; x_wconf 82' lang='lat' dir='ltr'>ae</span> <span class='ocrx_word' id='word_1_311' title='bbox 1050 2235 1216 2282; x_wconf 56' lang='lat' dir='ltr'>singulari</span> <span class='ocrx_word' id='word_1_312' title='bbox 1245 2234 1409 2271; x_wconf 70' lang='lat' dir='ltr'>facultate</span> <span class='ocrx_word' id='word_1_313' title='bbox 1430 2235 1480 2271; x_wconf 87' lang='lat' dir='ltr'>di-</span> 
     </span>
     <span class='ocr_line' id='line_1_35' title="bbox 142 2297 1480 2347; baseline -0.001 -12"><span class='ocrx_word' id='word_1_314' title='bbox 142 2298 256 2344; x_wconf 87' lang='lat' dir='ltr'>cendi,</span> <span class='ocrx_word' id='word_1_315' title='bbox 275 2303 312 2334; x_wconf 85' lang='lat' dir='ltr'>et</span> <span class='ocrx_word' id='word_1_316' title='bbox 339 2298 375 2334; x_wconf 84' lang='lat' dir='ltr'>in</span> <span class='ocrx_word' id='word_1_317' title='bbox 404 2303 529 2334; x_wconf 85' lang='lat' dir='ltr'>senatu</span> <span class='ocrx_word' id='word_1_318' title='bbox 559 2302 680 2335; x_wconf 83' lang='lat' dir='ltr'>contra</span> <span class='ocrx_word' id='word_1_319' title='bbox 710 2298 825 2334; x_wconf 88' lang='lat' dir='ltr'>virum</span> <span class='ocrx_word' id='word_1_320' title='bbox 858 2299 996 2343; x_wconf 82' lang='lat' dir='ltr'>fortem,</span> <span class='ocrx_word' id='word_1_321' title='bbox 1029 2300 1073 2334; x_wconf 77' lang='lat' dir='ltr'>A.</span> <span class='ocrx_word' id='word_1_322' title='bbox 1095 2297 1298 2342; x_wconf 74' lang='lat' dir='ltr'>Gabinium,</span> <span class='ocrx_word' id='word_1_323' title='bbox 1328 2297 1480 2347; x_wconf 70' lang='lat' dir='ltr'>graviter</span> 
     </span>
     <span class='ocr_line' id='line_1_36' title="bbox 140 2359 1479 2411; baseline -0.001 -14"><span class='ocrx_word' id='word_1_324' title='bbox 140 2364 338 2411; x_wconf 81' lang='lat' dir='ltr'>ornateque</span> <span class='ocrx_word' id='word_1_325' title='bbox 359 2359 484 2406; x_wconf 68' lang='lat' dir='ltr'>dim&#39;sti,</span> <span class='ocrx_word' id='word_1_326' title='bbox 505 2372 618 2410; x_wconf 89' lang='lat' dir='ltr'>quum</span> <span class='ocrx_word' id='word_1_327' title='bbox 637 2360 665 2396; x_wconf 88' lang='lat' dir='ltr'>is</span> <span class='ocrx_word' id='word_1_328' title='bbox 680 2361 725 2397; x_wconf 86' lang='lat' dir='ltr'>de</span> <span class='ocrx_word' id='word_1_329' title='bbox 737 2374 809 2398; x_wconf 89' lang='lat' dir='ltr'>uno</span> <span class='ocrx_word' id='word_1_330' title='bbox 828 2361 1039 2411; x_wconf 83' lang='lat' dir='ltr'>imperatore</span> <span class='ocrx_word' id='word_1_331' title='bbox 1059 2365 1181 2397; x_wconf 81' lang='lat' dir='ltr'>eontra</span> <span class='ocrx_word' id='word_1_332' title='bbox 1199 2360 1386 2410; x_wconf 78' lang='lat' dir='ltr'>praedones</span> <span class='ocrx_word' id='word_1_333' title='bbox 1400 2373 1479 2398; x_wconf 86' lang='grc'>0011-</span> 
     </span>
    </p>
   </div>
  </div>
 </body>
</html>
