1596 2643
122 118 170 152 66
541 127 677 153 omno
705 128 779 153 PRo
808 129 840 158 Q.
867 128 1036 154 mem-210.

120 234 192 266 tate
212 242 283 267 non
301 229 418 280 fuisse,
437 229 474 266 in
499 243 572 279 qua
598 243 635 266 se
663 230 783 280 ipsum
811 231 997 267 confitetur
1023 230 1214 277 fuisse,nec
1233 235 1314 268 tuas
1332 231 1456 268 tacitas

119 291 350 341 cogitationes
373 292 580 338 extimescit,
603 291 715 338 ¹³nec,
737 293 825 342 quid
845 293 907 329 tibi
929 293 974 329 de
993 292 1062 329 alio
1082 293 1241 329 audienti
1261 293 1307 329 de
1325 306 1363 330 se
1381 293 1456 343 ipso

119 359 291 400 occurrat,
310 354 525 390 reformidat.

199 415 262 452 ΠΙ.
315 416 419 461 Vide,
442 416 451 432 ¹
463 428 574 465 quam
595 428 664 452 non
684 416 933 453 reformidem!
962 417 1055 463 vide,
1075 417 1087 434 ²
1099 422 1233 467 quanta
1250 417 1313 454 lux
1331 418 1458 454 libera-

120 477 237 523 litatis,
257 482 293 514 et
311 477 494 526 sapientiae
514 482 597 522 tuae,
617 477 707 513 mihi
736 478 834 527 apud
861 483 896 514 te
926 478 1056 515 dicenti
1084 479 1284 516 oboriatur!
1338 479 1458 523 Quan—

121 545 199 576 tum
219 545 352 589 potero,
375 539 483 576 ³voee
503 540 729 586 contendam,
749 544 791 576 ut
817 540 885 577 hoc
904 541 1057 590 populus
1076 541 1260 578 Romanus
1280 543 1458 579 exaudiat.

123 600 156 639 7.
184 603 356 651 Suscepto
375 602 478 648 bello,
498 602 627 648 Caesar,
646 607 749 652 gesto
779 602 889 639 etiam
920 616 964 639 ex
994 608 1094 653 parte
1124 616 1268 653 magna,
1295 604 1393 640 nulla
1422 605 1457 640 vi

120 669 273 710 coactus,
293 664 448 714 4judicio
477 677 518 701 ac
549 664 732 701 voluntate
762 665 810 701 ad
840 677 884 701 ea
913 677 1016 702 arma
1046 665 1223 715 profectus
1252 679 1344 712 sum,
1376 680 1457 716 quae

121 731 222 762 erant
241 732 388 776 sumpta
407 731 528 763 contra
546 732 592 763 te.
645 727 759 776 Apud
787 740 898 777 quem
925 727 1035 777 igitur
1062 728 1130 765 1100
1158 728 1261 765 dico?
1314 728 1457 779 Nempe

121 789 220 838 apud
248 802 343 835 eum,
365 789 437 839 qui,
458 802 572 839 quum
601 789 669 825 1100
695 789 808 835 sciret,
830 794 954 826 tamen
982 803 1052 836 me,
1072 796 1267 841 antequam
1289 791 1388 837 vidit,
1407 792 1456 828 rei

120 852 273 901 publicae
302 852 481 889 reddidit:
511 852 573 902 qui
593 853 640 889 ad
660 865 718 888 me
741 852 805 888 ⁵ex
827 852 988 902 AEgypto
1016 852 1133 889 literas
1160 853 1265 899 misit,
1286 859 1326 889 ut
1345 867 1456 890 essem

120 914 231 960 idem,
252 915 313 964 qui
332 915 499 951 fuissem:
529 915 591 965 qui
611 928 682 960 me,
704 928 818 964 quum
845 915 919 964 ipse
947 915 1140 964 imperator
1158 916 1195 951 in
1214 921 1290 952 toto
1309 916 1459 966 imperio

121 977 243 1026 populi
263 977 419 1014 Romani
439 990 530 1013 unus
550 982 650 1022 esset,
672 977 683 993 ⁶
695 989 769 1014 esse
796 977 947 1013 alterum
975 990 1096 1027 passus
1124 982 1197 1014 est:
1227 979 1271 1014 ⁷a
1290 991 1372 1028 quo,
1391 979 1459 1016 hoc

119 1039 196 1088 ipso
216 1039 255 1075 C.
275 1039 395 1076 Pansa
418 1039 509 1075 mihi
537 1039 635 1076 hunc
661 1039 831 1075 nuntium
856 1039 1062 1089 perferente,
1083 1053 1263 1077 concessos
1282 1041 1474 1079 laureatos·

120 1101 233 1147 tenui,
255 1102 377 1151 quoad
396 1101 568 1138 tenendos
587 1101 733 1151 putavi:
764 1101 827 1151 qui
855 1101 945 1137 mihi
973 1106 1053 1138 tum
1076 1102 1230 1152 denique
1249 1115 1286 1140 se
1305 1103 1457 1140 salutem

122 1163 262 1212 putavit
300 1164 461 1210 reddere,
493 1164 522 1200 si
560 1177 642 1200 eam
680 1164 783 1200 nullis
820 1163 1008 1213 spoliatam
1046 1165 1263 1201 ornamentis
1295 1165 1458 1202 dedisset.

124 1230 156 1262 8.
186 1226 291 1273 Vide,
313 1239 443 1276 quaeso,
463 1226 615 1273 Tubero,
636 1226 708 1273 ⁸ut,
729 1226 791 1276 qui
820 1227 865 1263 de
894 1239 977 1263 meo
1003 1226 1095 1263 facto
1122 1239 1193 1263 non
1221 1227 1393 1274 dubitem,
1413 1229 1458 1265 de

122 1288 254 1338 Ligarii
275 1289 431 1325 audeam
452 1289 580 1325 dicere.
626 1290 750 1339 Atque
769 1288 848 1325 hacc
866 1293 1053 1338 propterea
1072 1289 1117 1325 de
1132 1301 1192 1326 me
1213 1289 1295 1336 dixi,
1309 1295 1349 1326 ut
1367 1290 1457 1327 mihi

121 1351 272 1397 Tubero,
307 1365 422 1402 quum
456 1352 502 1388 de
534 1364 571 1388 se
606 1351 735 1387 eadem
768 1351 936 1396 dicerem,
969 1350 1194 1400 ignosceret3
1236 1352 1359 1402 ⁹cujus
1391 1366 1459 1402 ego

121 1413 307 1450 industriae
333 1413 528 1463 gloriaeque
547 1413 660 1459 faveo,
679 1412 735 1449 vel
762 1417 905 1462 propter
932 1412 1170 1462 propinquam
1199 1414 1459 1463 cognationem,

123 1475 179 1512 vel
199 1476 299 1526 quod
327 1476 402 1526 ejus
430 1475 576 1525 ingenio
603 1475 802 1524 studiisque
831 1474 996 1520 delector,
1015 1474 1074 1510 vel
1093 1475 1192 1524 quod
1210 1474 1357 1513 laudem
1377 1477 1461 1514 ado-

121 1538 283 1575 lescentis
313 1538 505 1588 propinqui
536 1538 698 1574 existimo
728 1537 838 1574 etiam
868 1537 951 1574 ¹⁰ad
980 1550 1106 1574 meum
1127 1537 1284 1588 aliquem
1303 1539 1460 1577 fructum

122 1601 335 1638 redundare.
390 1605 424 1637 9.
452 1600 525 1637 Sed
552 1600 621 1637 hoc
641 1611 787 1650 quaero:
817 1599 935 1650 11quis
961 1604 1066 1650 putat
1092 1612 1166 1637 esse
1194 1600 1328 1638 crimen
1353 1602 1460 1639 fuisse

122 1664 158 1699 in
180 1664 322 1701 Africa?
376 1662 520 1713 Nempe
540 1663 577 1709 15,
598 1663 661 1713 qui
680 1667 717 1699 et
742 1662 816 1712 ipse
843 1662 881 1698 in
901 1662 1028 1699 eadem
1048 1661 1171 1698 Africa
1189 1675 1264 1699 esse
1284 1663 1404 1711 voluit,
1424 1669 1461 1701 et

123 1726 344 1775 prohibitum
371 1738 409 1762 se
429 1738 450 1762 a
469 1725 612 1775 Ligario
633 1725 804 1775 queritur,
824 1729 860 1761 et
879 1729 972 1761 certe
993 1728 1115 1761 contra
1141 1724 1259 1774 ipsum
1280 1725 1459 1763 Caesarem

122 1794 175 1825 est-
203 1801 411 1838 congressus
439 1792 608 1824 armatus.
661 1787 761 1831 Quid
785 1787 892 1833 enim,
911 1786 1061 1832 Tubero,
1080 1791 1163 1823 tuus
1189 1787 1245 1824 ille
1274 1788 1460 1826 destrictus

123 1851 160 1887 in
180 1851 256 1887 acie
271 1850 477 1887 Pharsalica
495 1849 638 1899 gladius
657 1849 812 1899 agebat?
841 1849 939 1899 cujus
958 1848 1051 1885 latus
1068 1849 1126 1886 ille
1146 1862 1271 1887 mucro
1289 1852 1459 1900 petebat?

124 1914 150 1931 ¹²
162 1913 223 1964 qui
243 1925 365 1949 sensus
384 1916 461 1949 erat
479 1925 665 1948 armorum
687 1912 856 1948 tuorum?
886 1923 968 1961 quae
987 1916 1051 1947 tua
1068 1924 1179 1957 menS,
1199 1912 1303 1959 oculi,
1322 1926 1460 1957 manus,

123 1976 229 2012 ardor
249 1975 384 2012 animi?
413 1974 503 2025 quid
523 1974 714 2024 cupiebas?
743 1973 831 2023 quid
849 1973 1018 2023 optabas?
1070 1973 1187 2010 Nimis
1206 1987 1337 2024 urgeo3
1366 1989 1462 2013 eom-

122 2038 260 2075 moveri
279 2037 423 2074 videtur
442 2037 667 2074 adolescens:
696 2036 743 2073 ad
762 2049 820 2072 me
841 2041 1018 2082 revertar3
1045 2035 1174 2072 iisdem
1192 2037 1229 2073 in
1248 2038 1354 2074 armis
1372 2038 1432 2075 fui.

201 2100 255 2136 IV
257 2129 265 2137 .
322 2103 379 2136 10.
407 2099 504 2143 Quid
524 2104 646 2135 autem
668 2098 765 2135 aliud
786 2099 795 2115 ¹
808 2098 958 2148 egimUS,
972 2097 1122 2144 Tubero,
1136 2098 1202 2134 nisi
1221 2104 1271 2145 ut,
1286 2101 1383 2149 quod
1403 2101 1461 2138 hic

123 2168 248 2213 potest,
279 2175 343 2199 nos
372 2162 584 2212 possemus?
648 2161 813 2205 Quorum
845 2161 957 2211 igitur
988 2160 1193 2211 impunitas,
1227 2161 1355 2209 Caesar,
1388 2167 1460 2200 tuae

124 2225 322 2262 clementiae
353 2225 431 2261 laus
460 2228 522 2271 est,
554 2237 680 2261 eorum
711 2224 869 2274 ipsorum
908 2224 955 2260 ad
985 2224 1235 2261 crudelitatem
1267 2224 1325 2261 ²te
1355 2230 1460 2262 acuet

125 2288 260 2325 oratio?
314 2288 437 2338 Atque
464 2287 501 2324 111
528 2287 596 2324 hac
625 2300 732 2324 causa
760 2286 942 2324 3110111111111
970 2287 1152 2337 equidem,
1171 2287 1323 2335 Tubero,
1348 2288 1459 2325 etiam

124 2356 237 2398 tuam,
264 2351 329 2388 sed
361 2351 475 2388 multo
506 2351 626 2402 magis
657 2351 766 2402 patris
798 2351 850 2388 tui
882 2350 1113 2401 prudentiam
1143 2350 1326 2399 desidero3
1360 2353 1459 2403 quod
