1571 2651
467 89 605 115 onAno
634 90 708 115 PRO
736 91 767 115 Τ.
795 89 918 115 ΑΝΝῙο
947 90 1104 116 immun.
1384 82 1456 115 123

112 197 216 230 nator
246 197 400 240 senatus,
433 193 596 231 defensor
627 198 752 230 vestrae
784 193 985 240 voluntatis,
1014 197 1183 243 patronus
1216 193 1349 242 publici
1379 207 1459 230 con—

112 268 242 302 sensuS,
273 255 454 292 restitutor
490 256 611 292 salutis
651 268 766 303 meae3
813 260 952 306 septem
990 260 1165 305 praetores,
1207 260 1288 292 octo
1328 255 1459 292 tn‘buni

112 317 236 367 plebis,
255 317 347 354 illius
367 318 566 365 adversarii,
587 318 788 355 defensores
816 318 911 365 mei;
941 318 1029 354 ²Cn.
1049 317 1245 367 Pompeius
1274 322 1398 354 auctor
1426 323 1460 354 et

113 380 189 417 dux
209 379 282 417 mei
300 379 445 426 reditus,
464 380 558 417 illius
581 380 702 427 hostis,
723 381 822 431 cujus
849 381 1065 418 sententiam
1095 386 1241 417 senatus
1271 379 1387 416 omnis
1416 380 1460 416 d'e

112 442 223 480 salute
243 455 327 480 mea
345 443 594 493 gravissimam
613 448 650 480 et
669 443 931 480 ornatissimam
957 447 1099 480 secutus
1119 447 1180 489 est,
1202 442 1264 492 qui
1283 442 1460 491 populum

113 504 320 543 Romanum
353 511 406 544 est
438 507 650 553 cohortatus,
679 507 751 557 qui,
783 506 794 523 ³
807 520 920 557 quum
952 507 1140 543 decretum
1169 507 1214 543 de
1243 519 1303 542 me
1324 506 1459 555 Capuze

112 568 203 615 ‘'ecit,
222 569 298 619 ipse
319 574 455 607 cunctae
476 569 589 606 Italjae
610 569 766 619 cupienti
788 575 825 606 et
845 570 918 619 ejus
938 569 1050 606 fidem
1081 568 1286 618 imploranti
1314 568 1461 617 siguum

113 631 222 678 dedit,
241 636 282 668 ut
300 632 348 669 ad
367 645 428 669 me
457 632 721 669 restituendum
750 632 905 668 Romam
940 636 1211 671 concurrerent:
1240 631 1363 668 omnia
1382 635 1459 666 tuin

113 694 269 745 denique
289 695 326 731 in
345 694 447 731 illum
467 695 551 732 odia
570 695 703 731 civium
730 696 907 732 ardebant
935 695 1112 732 desiderio
1140 694 1213 731 mei
1230 706 1237 741 3
1268 707 1377 744 quem
1399 695 1458 744 qui

115 761 191 793 tum
221 757 465 804 interemisset,
486 770 559 794 non
579 758 624 794 de
651 758 869 807 impunitate
898 757 982 807 ejus,
1002 758 1067 794 sed
1086 758 1131 794 de
1151 757 1309 807 praemiis
1328 757 1462 807 cogita-

114 824 218 856 retur.
273 823 332 856 40.
360 821 498 857 Tamen
528 833 565 857 se
585 820 672 857 Milo
693 820 875 866 continuit,
901 825 937 857 et
956 820 997 857 P.
1019 820 1188 857 Clodium
1215 820 1253 856 in
1282 820 1461 870 judicium

115 883 176 927 bis,
196 883 243 920 ad
262 883 334 919 vim
363 897 551 934 nunquam
570 883 720 920 vocavit.
775 883 873 927 Quid
889 885 900 921 2
930 883 1094 934 ⁴privat0
1113 884 1256 930 Milone,
1278 888 1315 920 et
1334 897 1395 920 reo
1414 884 1461 920 ad

114 945 294 995 populum,
325 951 515 983 accusante
535 946 576 983 P.
597 946 732 992 Clodio,
765 959 881 996 quum
910 946 948 982 in
977 947 1042 983 Cn.
1061 947 1284 996 Pompeium
1312 960 1377 996 pro
1395 946 1462 982 Mi-

114 1007 192 1045 lone
213 1008 392 1046 dicentem
411 1009 568 1060 impetus
587 1009 702 1046 factus
722 1014 783 1055 est,
804 1022 887 1060 quae
908 1014 988 1045 tum
1008 1022 1080 1046 non
1100 1010 1211 1046 modo
1231 1009 1378 1056 occasio,
1398 1010 1462 1046 sed

112 1071 222 1107 etiam
253 1084 361 1109 causa
389 1072 480 1109 illius
510 1073 735 1122 opprimendi
766 1072 858 1110 fuit?
912 1072 1040 1122 Nuper
1068 1086 1151 1110 vero
1180 1086 1296 1123 quum
1319 1072 1368 1109 M.
1387 1073 1462 1109 An-

111 1134 229 1170 tonius
265 1147 449 1171 summam
481 1148 582 1185 spem
612 1135 735 1171 salutis
765 1135 867 1171 bonis
900 1135 1069 1172 omnibus
1100 1135 1282 1182 attulisset,
1302 1135 1462 1185 gravissi-

111 1210 285 1247 mamque
317 1198 523 1235 adolescens
556 1198 795 1235 nobilissimus
831 1198 882 1235 rei
912 1198 1067 1248 publicae
1102 1204 1243 1248 partem
1275 1199 1461 1236 fortissime

111 1260 330 1310 suscepisset,
350 1266 459 1311 atque
477 1261 576 1297 illam
595 1261 764 1308 belluam,
780 1261 904 1311 judicii
925 1261 1074 1311 laqueos
1094 1261 1345 1308 declinantem,
1368 1261 1461 1312 ⁵jam

111 1323 282 1361 irretitam
314 1329 476 1372 teneret3
505 1325 567 1374 qui
599 1324 706 1371 locus,
738 1325 840 1375 quod
870 1329 1015 1375 tempus
1033 1325 1132 1371 illud,
1153 1325 1202 1362 dii
1231 1325 1460 1372 inmortales,

111 1385 204 1423 fuit?
258 1387 380 1430 Quum
408 1400 445 1424 se
473 1387 531 1424 ille
570 1387 735 1438 ⁶fugiens
765 1388 802 1424 in
835 1388 1014 1425 scalarum
1050 1388 1218 1425 tenebras
1257 1388 1461 1435 abdidisset,

113 1449 311 1499 ⁷magnum
344 1450 468 1487 Miloni
499 1450 569 1487 fuit
602 1451 772 1488 conficere
804 1451 902 1487 illam
936 1455 1073 1500 pestem
1105 1450 1204 1487 nulla
1228 1464 1293 1487 sua
1320 1451 1462 1497 invidia,

113 1511 260 1548 Antonii
282 1525 364 1549 vcro
383 1512 545 1549 maxima
563 1505 686 1562 gloria.
739 1516 800 1550 41.
828 1513 950 1556 Quid?
980 1513 1128 1550 comitiis
1150 1512 1208 1549 Sin
1228 1525 1356 1563 campo
1369 1527 1463 1563 quo-

114 1574 178 1612 ties
198 1579 353 1624 potestas
372 1575 446 1621 fuit,
467 1589 581 1626 quum
600 1575 658 1613 ille
677 1576 713 1612 in
741 1581 843 1626 septa
870 1576 1059 1626 irrupisset,
1079 1576 1218 1626 gladios
1244 1577 1463 1626 destringen-

114 1638 188 1684 dos,
207 1637 343 1688 lapides
369 1638 552 1688 jaciendos
573 1638 772 1685 curavisset,
793 1639 878 1676 dein
898 1640 1027 1686 subito,
1047 1639 1147 1675 vultu
1166 1639 1306 1676 Milonis
1334 1645 1463 1689 perter-

112 1701 208 1747 ritus,
238 1700 379 1751 fugeret
411 1702 459 1738 ad
491 1702 658 1748 Tiberim,
678 1715 738 1739 vos
763 1706 800 1740 et
829 1715 954 1739 omnes
986 1702 1069 1739 boni
1101 1703 1205 1739 ⁹vota
1231 1703 1402 1749 faceretis,
1422 1708 1462 1739 ut

112 1764 236 1802 Miloni
256 1764 309 1801 uti
329 1765 458 1802 virtute
478 1778 544 1801 sua
564 1765 715 1802 liberet?

191 1827 295 1865 XVI.
326 1827 467 1871 ¹Quem
499 1827 609 1878 igitur
636 1841 720 1865 cum
749 1828 912 1865 omnium
940 1828 1058 1878 gratia
1085 1828 1208 1875 noluit,
1228 1828 1326 1865 huno
1354 1829 1462 1866 voluit

114 1903 198 1928 eum
231 1890 434 1942 aliquorum
467 1892 639 1942 querela?
669 1905 779 1942 quem
801 1892 891 1942 jure,
913 1905 1025 1942 quem
1048 1892 1136 1938 loco,
1158 1904 1270 1942 quem
1290 1896 1462 1942 tempore,

114 1966 226 2004 quem
257 1954 406 2004 impune
439 1967 511 1992 non
544 1959 598 1992 est
630 1968 747 2002 ausus,
777 1955 877 1992 hunc
908 1954 1047 2005 injuria,
1076 1955 1200 2005 iniquo
1231 1955 1318 2002 loco,
1347 1955 1463 1991 alieno

113 2022 285 2068 tempore,
299 2018 455 2068 periculo
474 2019 607 2069 capitis,
627 2031 699 2056 non
719 2019 897 2056 dubitavit
915 2019 1101 2056 occidere?
1150 2022 1210 2055 42.
1234 2018 1245 2035 ²
1256 2018 1462 2068 pracsertim,

111 2080 258 2131 judieeS,
291 2094 405 2131 quum
438 2081 583 2120 honoris
615 2082 823 2133 amplissimi
855 2081 1045 2128 eontentio,
1065 2086 1103 2118 ct
1128 2081 1203 2118 dies
1236 2081 1462 2118 comitiorum

113 2144 298 2191 subesset3
327 2157 400 2194 quo
419 2145 568 2195 quidem
587 2150 749 2196 tempore
770 2144 857 2197 (scio
887 2146 993 2191 enim,
1015 2158 1127 2196 quam
1156 2144 1287 2181 timida
1313 2144 1359 2180 sit
1389 2157 1462 2181 ani-

115 2206 212 2253 bitio,
233 2211 440 2257 quantaque
460 2212 497 2244 et
515 2221 627 2258 quam
647 2209 794 2246 sollicita
817 2209 863 2245 sit
890 2209 1067 2258 cupiditas
1092 2205 1321 2257 consulatus),
1341 2207 1461 2244 omnia

115 2282 188 2307 non
217 2270 337 2316 modo,
358 2283 440 2320 quae
470 2271 681 2321 reprehendi
707 2272 837 2322 palam,
880 2272 944 2308 scd
965 2272 1074 2307 ctiam
1095 2283 1178 2320 quae
1199 2271 1348 2307 obscure
1363 2271 1460 2321 'cogi-

115 2333 182 2370 tari
213 2337 374 2383 possunt,
396 2333 575 2381 timemus,
593 2347 784 2382 rumorem,
813 2334 974 2372 fabulam
1003 2334 1136 2380 fictam,
1167 2333 1285 2370 levem
1318 2333 1458 2384 perhor-
