1571 2651
123 108 196 141 128
473 115 609 140 0RAT10
637 115 711 140 PRO
739 115 767 140 T.
796 114 918 140 ANNIO
947 114 1101 139 MILONE.

119 218 202 267 poti,
222 217 401 254 oscitantis
429 217 540 264 ducis,
569 217 628 267 qui
659 230 772 267 quum
793 229 814 253 a
843 221 942 266 tergo
960 216 1099 253 hostem
1128 216 1358 253 interclusum
1377 217 1438 254 reh

119 280 259 330 quisset,
278 280 364 316 nihil
384 281 429 317 de
450 280 523 329 ejus
543 280 711 316 extremis
731 279 918 316 comitibus
938 279 1113 329 cogitavit,
1132 280 1168 315 in
1188 292 1277 329 quos
1296 279 1452 317 incensos

118 343 170 378 ira
197 343 378 392 vitamque
409 342 544 379 domini
583 342 807 391 desperantes
845 355 960 391 quum
996 342 1183 388 incidisset,
1212 342 1315 378 haesit
1346 342 1382 378 in
1414 343 1455 378 iis

118 406 239 455 poeniS,
260 418 349 455 quas
369 406 415 442 ab
435 418 477 441 eo
496 405 586 441 servi
605 405 727 441 fideles
756 418 819 454 pro
841 405 979 441 domini
998 405 1069 441 vita
1088 405 1339 455 expetiverunt.
1395 406 1454 442 57.

120 469 194 505 Cur
211 469 320 518 igitur
340 481 398 505 eos
425 467 651 504 manumisit?
706 468 732 484 ¹⁰
742 467 928 504 Metuebat
954 467 1094 513 scilicet,
1113 481 1158 504 ne
1176 468 1381 514 indicarent,
1409 482 1453 506 ne

120 531 278 567 dolorem
305 529 456 580 perferre
485 542 555 565 non
584 533 736 578 possent,
773 542 818 566 ne
846 529 1028 565 tormentis
1056 535 1264 579 cogerentur
1297 531 1450 567 occisum

119 606 192 629 esse
223 605 244 628 a
273 591 381 628 semis
412 591 551 628 Milonis
583 591 619 627 in
647 591 767 641 Appia
796 591 853 627 via
872 591 913 628 P.
944 591 1111 628 Clodium
1143 592 1306 629 confiteri.
1360 593 1454 636 Quid

118 669 207 705 opus
228 660 281 691 est
307 659 436 691 tortore
453 655 464 691 2
519 654 615 698 Quid
644 654 797 704 quaeris?
851 654 1102 691 Occideritne2
1157 654 1306 691 Occidit.
1358 656 1380 692 J
1385 669 1454 702 ure,

118 730 164 754 an
183 717 334 767 injuria?
390 717 414 733 ¹¹
426 716 527 752 Nihil
547 717 594 753 ad
613 721 792 753 tortorem.
847 716 912 752 ¹21⁴*
913 716 982 753 acti
1003 716 1098 753 enim
1117 716 1154 752 in
1174 717 1325 767 equuleo
1345 731 1455 768 quaes-

117 780 167 817 tio
187 784 247 825 est,
263 779 350 829 juris
368 779 405 815 in
423 779 567 829 jiidicio.

196 843 321 880 XXH.
372 842 481 886 Quod
500 842 608 892 igitur
626 842 662 878 in
682 855 787 879 causa
806 843 1043 892 quaerendum
1064 847 1125 889 est,
1144 843 1183 880 id
1203 856 1355 893 agamus
1374 843 1454 890 hie;

117 905 217 955 quod
236 905 422 942 tormentis
441 904 597 941 invenire
618 904 680 950 vis,
700 904 738 941 id
758 904 925 941 fatemur.
974 905 1106 941 ¹Manu
1127 918 1209 942 vero
1229 918 1292 941 cur
1310 905 1455 952 miserit,

116 967 145 1004 si
172 967 210 1004 id
238 967 355 1017 potius
384 966 522 1017 quaeris,
551 979 661 1016 quam
693 979 757 1003 cur
785 979 915 1016 parum
946 967 1074 1017 amplis
1104 967 1260 1004 affecerit
1288 968 1455 1017 praemiis,

117 1030 252 1067 ²nescis
279 1029 416 1066 inimici
442 1029 579 1066 factum
607 1029 881 1079 reprehendere.
937 1034 995 1067 58.
1023 1030 1125 1067 Dixit
1144 1030 1238 1067 enim
1260 1030 1320 1067 hio
1346 1031 1454 1077 idem,

117 1092 179 1143 qui
207 1092 329 1129 omnia
357 1105 499 1141 semper
527 1096 728 1128 constanter
755 1096 790 1128 et
815 1091 960 1138 fortiter,
979 1092 1028 1129 M.
1049 1092 1147 1138 Cato,
1167 1097 1203 1130 et
1221 1093 1311 1129 dixit
1328 1093 1364 1129 in
1383 1098 1455 1130 tur-

115 1155 265 1192 bulenta
295 1154 472 1200 concione,
492 1167 572 1204 quae
602 1158 726 1191 tamen
758 1154 866 1215 liujus
897 1154 1105 1191 auctoritate
1135 1154 1275 1204 placata
1302 1159 1363 1202 est,
1383 1168 1454 1192 non

115 1218 278 1255 libertate
298 1217 427 1262 solum,
442 1217 505 1253 sed
525 1217 634 1253 etiam
655 1217 824 1254 omnibus
843 1217 998 1267 praemiis
1018 1217 1242 1267 dignissimos
1261 1217 1375 1265 fuisse,
1391 1218 1453 1268 qui

117 1280 255 1318 domini
275 1284 383 1330 caput
410 1279 658 1316 defendissent.
712 1279 821 1323 Quod
841 1279 937 1316 enim
962 1279 1155 1329 praemium
1175 1280 1257 1316 satis
1276 1293 1454 1330 magnum

116 1347 171 1380 est
197 1347 274 1379 tam
302 1341 490 1387 benevolis,
510 1345 586 1377 tam
606 1341 716 1387 bonis,
736 1346 811 1377 tam
841 1341 1007 1378 fidelibus
1034 1341 1151 1387 servis,
1172 1342 1337 1392 ³propter
1365 1356 1455 1392 quos

117 1405 225 1443 vivit?
278 1405 351 1442 Etsi
371 1405 408 1441 id
429 1404 579 1454 quidem
607 1417 679 1441 non
707 1405 795 1441 tanti
815 1409 877 1451 est,
898 1418 1007 1454 quam
1027 1405 1126 1454 quod
1145 1409 1288 1455 propter
1308 1406 1454 1443 eosdem

116 1482 187 1505 non
207 1466 383 1518 sanguine
405 1471 440 1503 et
458 1466 665 1503 vulnelibus
684 1466 756 1503 suis
776 1466 1011 1503 crudelissimi
1039 1467 1172 1504 inimici
1192 1473 1353 1504 mentem
1374 1481 1455 1504 ocu-

115 1532 239 1581 losque
259 1529 407 1566 satiavit.
453 1529 464 1546 ⁴
477 1528 576 1572 Quos
595 1529 660 1565 nisi
680 1529 952 1575 manumisisset,
966 1529 1151 1566 tormentis
1170 1530 1277 1566 etiam
1297 1530 1452 1567 dedendi

116 1594 260 1630 fuerunt
274 1596 534 1629 conservatores
548 1591 693 1638 domini,
708 1591 838 1628 ultores
852 1591 1000 1638 sceleris,
1015 1592 1213 1629 defensores
1232 1592 1336 1629 necis.
1382 1593 1421 1630 H
1424 1593 1454 1630 ic

117 1670 200 1693 vero
220 1655 308 1691 nihil
336 1654 447 1691 habet
475 1654 511 1690 in
529 1654 584 1690 his
609 1654 724 1701 malis,
744 1655 843 1704 quod
870 1655 989 1690 minus
1016 1655 1163 1692 moleste
1190 1655 1287 1701 ferat,
1308 1655 1454 1705 ⁵qua1n,

119 1718 255 1755 etiamsi
275 1717 362 1768 quid
381 1716 445 1766 ipsi
467 1717 614 1763 accidat,
635 1730 709 1753 esse
728 1722 853 1753 tamen
870 1717 935 1753 illis
963 1717 1134 1753 meritum
1162 1717 1353 1766 praemium
1379 1731 1455 1767 per-

116 1781 287 1817 solutum.
334 1782 393 1815 59.
419 1779 515 1815 ⁶Sed
535 1778 745 1828 quaestiones
764 1782 897 1828 urgent
915 1779 1095 1824 Milonem,
1115 1791 1197 1828 quae
1217 1784 1301 1816 sunt
1319 1779 1454 1816 habitae

117 1856 213 1879 nunc.
232 1842 269 1878 in
289 1841 379 1877 atrio
397 1840 595 1877 Libertatis.
643 1840 871 1884 Quibusnam
891 1841 936 1877 de
955 1841 1087 1878 servis?
1141 1841 1283 1891 Rogas?
1337 1842 1393 1878 De
1414 1842 1454 1880 P.

119 1905 242 1942 Clodii.
296 1903 384 1947 Quis
405 1916 463 1940 eos
483 1902 696 1952 postulavit?
748 1903 898 1953 Appius.
952 1903 1040 1947 Quis
1060 1904 1251 1954 produxit?
1304 1904 1455 1954 Appius.

118 1968 251 2005 Unde?
306 1966 381 2002 7Αἱ)
401 1965 530 2015 Appio.
583 1965 644 2002 Dii
672 1965 776 2002 boni!
809 1965 899 2015 quid
931 1970 1046 2015 potest
1075 1966 1134 2016 agi
1165 1966 1345 2004 severius?
1397 1967 1455 2004 De

117 2030 223 2067 servis
242 2029 341 2065 nulla
359 2028 439 2078 lege
469 2027 620 2078 quaestio
647 2032 700 2064 est
726 2027 764 2063 in
792 2028 995 2074 dominum,
1015 2028 1081 2064 nisi
1101 2029 1145 2066 de
1165 2028 1311 2075 incestu,
1331 2033 1374 2066 ut
1389 2029 1456 2066 fuit

117 2093 153 2129 in
174 2092 352 2129 Clodium.
408 2089 598 2127 ⁵Proxime
619 2090 703 2127 deos
723 2090 869 2127 accessit
888 2090 1045 2137 Clodius,
1064 2091 1211 2141 propius
1230 2104 1342 2141 quam
1362 2097 1455 2139 tum,

119 2168 234 2205 quum
264 2154 311 2190 ad
339 2153 431 2203 ipsos
458 2157 668 2202 penetrarat,
689 2152 790 2202 cujus
810 2152 855 2189 de
873 2157 997 2199 morte,
1017 2157 1209 2203 tamquam
1232 2154 1278 2190 de
1299 2154 1456 2191 caerimo-

119 2218 185 2254 niis
205 2216 351 2261 violatis,
371 2215 554 2265 quaeiitur.
613 2215 686 2251 Sed
704 2219 827 2251 tamen
846 2215 998 2265 majores
1017 2218 1124 2252 nostri
1143 2215 1180 2252 in
1200 2216 1390 2252 dominum
1411 2217 1456 2253 de

118 2293 218 2316 servo
237 2279 349 2328 quaem'
370 2278 591 2323 ⁹noluerunt,
611 2289 682 2313 non
701 2277 785 2327 quia
813 2290 885 2314 non
914 2282 1031 2327 posset
1057 2291 1185 2314 verum
1215 2277 1374 2325 inveniri,
1393 2279 1456 2316 sed

120 2341 204 2391 quia
222 2341 412 2378 videbatur
429 2339 629 2389 indignum,
649 2342 685 2375 et
705 2338 858 2375 dominis
876 2344 991 2376 morte
1010 2339 1087 2389 ipsa
1104 2339 1248 2377 tristius.
1293 2339 1336 2376 In
1353 2353 1456 2378 reum
