1596 2643
462 102 599 128 onA'no
627 102 701 126 PRO
730 101 829 125 REGE
857 101 1056 126 nmorAno.
1383 94 1431 126 85

81 206 222 244 animos
248 206 441 244 hominum
469 205 706 242 vehementer
737 204 906 242 offensos:
947 203 1071 254 plaudi
1102 203 1168 240 tibi
1206 217 1275 241 non
1312 205 1433 242 solere.
1467 234 1472 240 .

82 268 213 306 Nonne
240 268 407 319 ntelligis,
420 268 550 315 Caesar,
572 268 637 304 ⁵ex
658 266 804 304 urbanis
823 266 1082 303 malevolorum
1100 266 1335 303 sermunculis
1355 267 1434 304 lucc

82 334 129 370 ab
149 332 224 369 istis
251 345 329 370 esse
349 331 517 369 collecta?
573 330 794 368 eBlesamius
817 335 1014 380 tyrannum
1036 330 1219 367 Caesarem
1240 330 1433 373 scriberet?

83 395 304 432 ⁷Mult0rum
338 394 434 432 enim
468 394 585 445 capita
624 393 757 431 civium
791 393 951 440 viderat;
989 393 1120 430 multos
1156 393 1433 443 jussquaesaiis

83 463 236 505 vexatos,
266 459 481 505 verberatos,
509 462 672 503 necatos3
710 457 843 493 multas
872 456 1020 494 afflictas
1051 461 1087 493 et
1118 469 1256 494 eversas
1289 457 1416 493 domos

83 521 229 558 armatis
257 521 431 558 militibus
458 521 630 558 refertum
656 520 785 557 forum.
840 519 931 563 Quae
960 533 1105 570 semper
1122 520 1160 556 in
1180 519 1271 556 civili
1291 519 1436 556 victoria·

83 584 267 632 sensimus,
287 598 331 622 ea
358 589 393 622 te
422 585 553 622 victore
582 597 655 621 non
682 584 847 620 vidimus.
904 587 964 620 34.
992 583 1104 630 Solus,
1133 583 1298 633 inquam,
1328 596 1374 629 es,
1396 582 1435 619 C.

85 647 214 694 Caesar,
235 647 333 698 cujus
357 647 394 683 in
413 647 560 686 victoria
580 646 592 663 ⁵
606 646 774 683 ceciderit
801 659 919 692 nemo,
939 646 1005 682 nisi
1034 650 1204 682 armatus
1259 645 1305 682 Et
1323 658 1435 695 quein

83 722 147 747 nos
166 710 277 756 liberi,
295 710 333 746 in
350 723 499 747 summa
517 710 638 760 populi
659 709 816 746 Romani
844 709 1008 746 libertate
1028 709 1113 756 nati,
1133 722 1206 746 non
1234 709 1346 746 modo
1364 722 1434 746 non

83 777 289 823 tyrannum,
303 773 367 810 sed
387 773 498 810 etiam
519 773 840 810 clementissimum
860 772 898 808 in
918 773 1064 809 victoria
1078 772 1253 819 ducimus,
1269 773 1297 808 is
1315 772 1438 808 Blesa—

82 836 165 882 mio,
185 836 250 886 qui
269 836 353 873 vivit
372 836 432 872 ⁹in
451 849 573 886 regno,
593 841 768 886 tyrannus
793 835 905 873 w‘deri
932 836 1072 885 potest?
1127 835 1227 872 Nam
1250 836 1296 872 de
1315 840 1436 872 statua

83 897 164 947 quis
183 898 356 948 quem‘tur,
377 898 486 935 ¹⁰una
504 898 713 948 praesertim,
734 911 848 948 quum
869 902 943 934 tam
964 898 1097 934 multas
1117 897 1263 935 videat?
1318 897 1436 934 Valde

83 960 182 997 enim
212 960 452 998 invidendum
485 966 537 998 est
567 961 642 1011 ejus
669 961 805 1007 statuis,
831 961 931 1011 cujus
959 961 1103 1011 tropaeis
1129 974 1201 998 non
1234 961 1436 997 invidimus.

86 1022 224 1060 llNam'
248 1023 277 1060 si
306 1023 404 1061 locus
432 1024 534 1061 affert
561 1023 747 1070 invidiam,
777 1023 896 1059 nullus
925 1028 986 1069 est,
1015 1024 1062 1061 ad
1086 1028 1246 1061 statuam
1275 1024 1437 1074 quidem,

84 1085 216 1123 Rostris
244 1086 382 1124 clarior.
436 1087 494 1124 De
522 1086 650 1137 plausu
685 1092 807 1123 autem
841 1087 931 1136 quid
967 1088 1234 1137 respondeam?
1272 1087 1334 1137 qui
1371 1099 1437 1124 nec

84 1148 304 1186 desideratus
319 1162 485 1199 unquam
506 1162 527 1186 a
544 1154 580 1186 te
593 1154 654 1196 est,
669 1154 707 1186 et
725 1162 996 1199 nonnunquam,
1011 1150 1266 1200 obstupefactis
1285 1149 1438 1187 homini-

84 1211 163 1259 bus,
182 1211 259 1263 ipsa
278 1212 516 1250 admiratione
545 1225 769 1262 compressus
797 1218 858 1259 est,
879 1217 915 1249 et
942 1213 1086 1251 fortasse
1106 1226 1149 1251 eo
1167 1213 1437 1264 praetermissus,

84 1274 172 1326 quia
190 1275 278 1312 nihil
296 1275 444 1326 vulgare
462 1280 498 1313 te
518 1275 673 1326 dignum
692 1275 804 1313 videri
825 1280 951 1326 potest.

162 1338 267 1376 XHI.
323 1344 384 1377 35.
410 1338 512 1376 Nihil
544 1352 566 1376 a
603 1352 665 1376 me
700 1339 854 1376 arbitror
882 1339 1181 1389 praetermissum,
1209 1340 1273 1377 sed
1302 1340 1438 1390 aliquid

84 1401 132 1438 ad
150 1406 350 1439 extremam
370 1415 486 1439 causae
506 1407 647 1452 partem
665 1406 898 1439 reservatum.
953 1402 997 1439 Id
1016 1407 1142 1439 autem
1164 1402 1301 1453 aliquid
1321 1408 1382 1450 est,
1402 1408 1436 1441 te

84 1467 127 1499 ut
145 1463 252 1513 plane
271 1464 440 1502 Deiotaro
459 1465 664 1502 reconciliet
681 1465 795 1502 oratio
813 1477 915 1502 mea:
936 1478 1006 1502 non
1027 1466 1123 1502 enim
1140 1466 1218 1516 jam
1238 1471 1374 1513 metuo,
1393 1479 1438 1503 ne

83 1525 133 1562 illi
161 1531 201 1563 tu
230 1539 460 1579 succenseas;
489 1527 580 1564 illud
600 1540 732 1574 vereor,
753 1528 819 1564 ¹ne
840 1527 906 1565 tibi
936 1528 1036 1564 illum
1065 1541 1273 1566 succensere
1303 1529 1439 1579 aliquid

83 1589 272 1639 suspicere.
303 1589 459 1643 A'Quod
492 1590 594 1627 abest
631 1590 847 1640 longissime,
875 1590 965 1627 mihi
1004 1591 1118 1638 crede,
1157 1591 1297 1628 Caesar:
1327 1592 1438 1642 8quid

84 1651 180 1688 enim
200 1652 353 1690 retineat
371 1666 435 1703 per
454 1657 501 1699 te,
520 1653 698 1700 meminit,
718 1666 789 1690 non
820 1654 910 1703 quid
939 1654 1119 1701 amiserit3
1148 1667 1267 1705 neque
1287 1668 1323 1692 se
1352 1668 1374 1692 a
1401 1660 1437 1692 te

84 1713 282 1751 multatum
311 1715 523 1762 arbitratu1·;
556 1716 620 1753 sed
648 1729 766 1766 quum
799 1716 1028 1763 existimares,
1058 1717 1200 1754 ⁴multis
1228 1718 1292 1756 tibi
1320 1719 1439 1756 multa

83 1789 158 1814 esse
194 1777 398 1825 tribuenda,
428 1778 646 1829 ‘’quominus
675 1791 697 1815 a
723 1791 772 1825 se,
801 1779 862 1828 qui
895 1778 932 1815 in
965 1779 1078 1816 altera
1108 1785 1210 1830 parte
1242 1781 1374 1828 fuisset,
1396 1796 1439 1819 ea

82 1852 253 1888 sumeres,
281 1853 353 1879 non
379 1842 564 1879 recusavit.
621 1845 680 1878 36.
712 1841 855 1879 Etenim
875 1842 925 1879 ⁰si
955 1843 1156 1880 Antiochus
1185 1857 1340 1895 magnus
1368 1845 1436 1892 ille,

84 1917 147 1941 rex
165 1904 274 1951 Asiae,
294 1910 532 1956 posteaquam
553 1919 574 1942 a
592 1905 632 1942 L.
652 1905 818 1955 Scipione
838 1906 1008 1953 devictus,
1028 1907 1146 1945 Tauro
1166 1914 1269 1945 tenus
1288 1921 1437 1958 regnare

79 1968 200 2018 jussus
228 1973 329 2015 esset,
361 1982 583 2020 omnemque
616 1969 711 2006 hanc
738 1969 875 2017 Asiam,
895 1983 978 2020 quae
1008 1974 1061 2007 est
1088 1983 1184 2008 nunc
1213 1975 1334 2008 nostra
1361 1985 1437 2021 pro-

84 2031 211 2078 vincia,
231 2032 411 2080 amisisset,
431 2033 551 2070 dicere
571 2037 624 2070 est
651 2033 784 2080 solitus
804 2033 961 2084 benigne
980 2034 1048 2071 sibi
1075 2047 1097 2071 a
1119 2035 1252 2085 populo
1271 2035 1437 2071 Romano

85 2107 161 2132 esse
189 2094 337 2141 factum,
365 2096 466 2146 quod
494 2095 601 2132 nimis
630 2108 768 2146 magna
796 2097 1046 2146 procuratione
1073 2097 1256 2143 liberatus,
1286 2097 1437 2134 modicis

85 2157 186 2207 regni
205 2158 366 2195 terminis
386 2163 555 2205 uteretur,
570 2163 687 2210 potest
705 2159 821 2196 multo
839 2159 976 2196 facilius
995 2173 1032 2197 se
1048 2160 1239 2197 Deiotarus
1258 2159 1436 2197 consolari.

85 2221 171 2258 7ΙΠει
191 2221 289 2258 enim
308 2221 436 2259 furoris
454 2222 611 2259 multam
631 2221 831 2268 sustulerat,
852 2222 909 2260 hic
929 2223 1064 2260 erroris.
1115 2222 1251 2259 Omnia
1269 2226 1310 2258 tu
1332 2222 1437 2260 Deio-

84 2288 171 2332 taro,
191 2284 322 2331 Caesar,
343 2284 507 2332 tribuisti,
528 2297 645 2335 quum
665 2289 703 2322 et
719 2285 784 2335 ipsi
804 2289 840 2322 et
858 2285 929 2322 filio
950 2285 1105 2322 ⁸nomcn
1124 2285 1266 2333 regium
1297 2297 1434 2323 conces-

84 2347 166 2385 sisti.
222 2347 306 2386 Hoc'
324 2347 469 2386 nomine
497 2351 638 2386 retento
666 2352 777 2399 atque
809 2352 959 2395 servato,
978 2347 1118 2385 nullum
1138 2348 1356 2386 beneficium
1376 2361 1432 2399 po-
