1596 2643
536 115 673 142 oRAno
701 116 775 141 PRO
803 116 835 144 Q.
863 114 1032 140 LIGAmo.
1406 108 1454 142 69

109 234 195 259 vero
222 221 380 267 crimine,
406 220 540 262 furoris,
568 219 753 269 parricidii,
781 219 885 256 liceat
905 218 969 255 Cn.
989 218 1164 267 Pompeio
1181 223 1333 265 mortuo,
1354 219 1457 255 limat

109 284 233 320 multis
254 283 330 320 aliis
349 295 478 319 carere.
532 282 688 325 Quando
707 281 775 318 hoe
796 281 989 332 quisquam
1011 294 1053 317 ex
1073 287 1117 325 te,
1142 280 1272 326 Caesar,
1296 281 1429 317 audivit
1447 284 1456 317 ἶ

111 347 196 384 ⁷aut
215 352 280 383 tua
299 345 387 396 quid
407 345 505 382 aliud
526 358 625 382 arma
644 345 839 390 voluerunt,
860 344 924 380 nisi
945 357 967 380 a
986 349 1020 380 te
1041 343 1297 380 contumeliam
1318 345 1456 394 propul-

108 410 208 446 sare?
237 409 326 460 quid
346 409 422 459 egit
441 413 525 445 tuus
544 407 603 445 ille
622 408 772 444 invictus
793 407 977 450 exercitus
992 406 1058 443 nisi
1079 411 1120 443 ut
1138 420 1247 443 suum
1263 407 1321 458 jus
1341 413 1457 446 tuere-

109 477 168 508 tur
187 477 223 509 et
242 471 458 522 dignitatem
479 472 606 508 tuam?
653 471 775 515 Quid?
804 475 853 516 tu,
874 470 1011 520 ‘'quum
1032 483 1159 520 pacem
1181 483 1254 507 esse
1275 471 1455 520 cupiebas,

109 535 195 572 idne
216 535 360 585 agebaS,
381 535 445 571 ‘'ut
463 534 529 571 tibi
549 547 631 571 eum
661 533 848 579 sceleratis,
868 546 915 570 an
934 535 975 569 ut
993 546 1079 570 eum
1100 532 1201 569 bouis
1220 533 1356 569 eixibus
1377 547 1457 570 con-

110 597 269 634 veniret?
327 601 384 634 19.
412 597 502 633 Mihi
522 610 613 642 vero,
634 595 764 642 Caesar‚
784 602 848 633 tua
867 596 903 632 in
924 609 984 633 me
1012 596 1173 633 maxima
1201 596 1329 633 merita
1357 602 1457 633 tanta

110 665 203 697 certe
237 673 309 697 non
342 660 557 706 viderentur,
589 660 619 696 si
651 672 710 696 me
743 660 821 696 ¹⁰ut
849 659 1064 696 sceleratum
1094 672 1116 695 a
1145 664 1179 695 te
1210 666 1456 696 conservatum

109 728 284 772 putarem.
338 722 533 766 Quomodo
560 727 683 759 autem
711 726 751 758 tu
781 723 827 759 de
847 735 884 759 re
904 722 1050 772 publiea
1077 722 1169 759 bene
1189 723 1336 759 meritus
1356 736 1456 769 esses,

109 797 224 834 quum
245 789 299 822 tot
317 784 505 822 sceleratos
525 784 696 822 ineolumi
717 785 891 835 dignitate
913 797 987 821 esse
1007 784 1198 821 voluisses?
1252 785 1275 801 ¹¹
1288 785 1458 823 secessio-

110 859 193 883 nem
214 852 254 883 tu
272 846 371 883 illam
391 847 643 894 existimavisti,
659 846 787 893 Caesar,
802 846 909 892 initio,
926 859 995 883 non
1016 846 1170 893 bellum,
1198 860 1316 897 neque
1331 847 1458 884 hostile

109 910 246 957 odium,
266 910 331 947 sed
351 910 451 947 civile
471 910 680 957 dissidium3
711 910 737 927 ¹²
748 910 908 960 utrisque
929 909 1151 960 cupientibus
1179 923 1255 947 rem
1275 911 1458 960 publicam

108 973 253 1020 salvam,
281 974 346 1010 sed
375 973 504 1023 partim
534 974 693 1020 consiliis,
721 973 851 1023 partim
879 973 1013 1020 studiis,
1043 986 1064 1010 a
1092 974 1276 1010 communi
1306 974 1458 1012 utilitate

111 1036 367 1074 aberrantibus.
423 1036 669 1086 ¹³Prineipum
697 1036 853 1086 dignitas
881 1041 957 1072 erat
983 1049 1086 1086 paene
1109 1049 1193 1086 par3
1222 1049 1292 1073 non
1313 1050 1376 1087 par
1394 1037 1460 1074 for-

109 1105 200 1136 tasse
221 1113 357 1146 eorum,
373 1100 436 1150 qui
455 1100 719 1150 sequebantur:
748 1112 856 1136 eausa
874 1104 953 1135 tum
973 1099 1094 1146 dubia,
1111 1100 1210 1149 quod
1230 1105 1304 1136 erat
1323 1100 1459 1150 aliquid

108 1163 146 1199 in
164 1167 317 1213 utraque
336 1167 446 1212 parte,
467 1163 567 1212 quod
585 1162 729 1212 probari
750 1166 888 1212 posset:
916 1175 1014 1198 nune
1041 1162 1167 1199 melior
1195 1175 1239 1199 ea
1261 1162 1460 1213 judicanda.

108 1230 172 1272 est,
191 1238 302 1275 quam
322 1225 431 1262 etiam
452 1225 502 1262 dii
525 1225 747 1275 adjuverunt.
802 1225 956 1274 Cognita
974 1237 1058 1261 vero
1078 1224 1267 1262 elementia
1286 1234 1359 1271 tua,
1380 1226 1459 1275 quis

108 1301 180 1326 non
199 1301 281 1326 eam
301 1288 483 1326 victoriam
503 1289 639 1338 probet,
658 1288 696 1324 in
717 1301 790 1338 qua
808 1287 979 1325 occiderit
998 1301 1114 1334 nemo,
1134 1288 1201 1324 nisi
1221 1291 1407 1327 armatus}

188 1351 271 1388 VH.
327 1355 387 1388 20.
415 1351 497 1398 Sed,
518 1355 559 1387 ut
578 1351 745 1388 omittam
761 1363 994 1388 communem
1015 1363 1171 1397 causam,
1184 1351 1369 1388 veniamus
1391 1352 1460 1389 ¹ad

110 1419 278 1460 nostram,
297 1418 421 1450 utrum
439 1414 588 1451 tandem
609 1414 787 1450 existimas
806 1413 943 1450 facilius
962 1413 1079 1459 fuisse,
1099 1414 1252 1460 Tubero,
1273 1414 1458 1465 Ligarium

109 1491 154 1515 ex
172 1477 296 1514 Africa
323 1476 429 1523 exire,
449 1489 495 1513 an
523 1489 583 1514 vos
611 1476 648 1512 in
675 1476 839 1514 Africam
868 1489 940 1513 non
969 1476 1112 1513 venire?
1166 1476 1460 1525 ²Poteramusne,

109 1541 259 1591 inquieS,
283 1553 400 1591 quum
429 1544 571 1576 senatus
598 1540 817 1577 censuisset?
872 1539 909 1576 Si
937 1552 996 1576 me
1025 1539 1187 1586 consulis,
1215 1541 1313 1578 nullo
1340 1542 1460 1579 modo.

110 1603 185 1641 Sed
213 1607 338 1640 tamen
368 1602 556 1653 Ligarium
586 1608 729 1639 senatus
758 1602 858 1639 idem
890 1601 1082 1652 legaverat.
1146 1603 1270 1653 Atque
1303 1604 1361 1641 ille
1396 1604 1461 1642 ⁸eo

110 1671 270 1717 tempore
289 1665 420 1716 paruit,
440 1678 555 1716 quum
575 1679 698 1716 parere
721 1666 861 1703 senatui
881 1679 1025 1704 necesse
1046 1671 1142 1704 erat:
1172 1681 1232 1705 vos
1251 1673 1339 1706 tune
1357 1683 1461 1719 paru-

108 1729 192 1776 istis,
211 1741 328 1780 quum
348 1729 466 1779 paruit
482 1741 601 1775 nemo,
621 1729 682 1779 qui
702 1729 825 1767 noluit.
879 1729 1145 1779 *Reprehendo
1168 1729 1303 1781 igitur?
1358 1732 1462 1769 Mini-

108 1805 168 1830 me
188 1803 294 1830 vero:
321 1805 439 1843 neque
461 1792 560 1830 enim
588 1792 687 1830 licuit
713 1792 815 1829 aliter
842 1798 958 1830 vestro
985 1793 1118 1842 generi,
1138 1794 1286 1840 nomini,
1305 1795 1460 1843 familiae,

109 1855 315 1906 disciplinae.
368 1854 441 1893 Sed
459 1854 528 1892 hoe
546 1867 619 1892 non
641 1855 809 1902 concedo,
831 1855 903 1902 ‘’ut,
923 1855 1058 1906 quibus
1077 1856 1185 1893 rebus
1204 1857 1403 1907 gloriemini
1424 1858 1461 1895 in

109 1917 209 1956 vobis
229 1917 376 1955 easdem
396 1917 434 1954 in
453 1917 527 1954 aliis
545 1917 821 1968 reprehendatis.
878 1921 937 1955 21.
965 1917 1186 1955 “Tuberonis
1208 1933 1281 1957 sors
1302 1921 1461 1971 conjecta

109 1984 163 2017 est
181 1993 226 2017 ex
244 1983 388 2016 senatus
407 1979 575 2027 consulto,
595 1992 712 2030 quum
738 1979 813 2030 ipse
840 1992 913 2017 non
941 1980 1090 2027 adesset,
1110 1981 1238 2018 morbo
1257 1982 1364 2019 etiam
1396 1983 1460 2019 im-

109 2042 315 2093 pediretur:
352 2046 524 2079 statuerat
555 2055 733 2080 excusare.
798 2042 894 2080 Haee
920 2055 991 2093 ego
1018 2043 1112 2089 novi,
1141 2044 1308 2093 ⁷propter
1334 2058 1460 2082 omnes

110 2103 398 2151 necessitudines,
431 2117 512 2155 quae
545 2104 638 2141 mihi
669 2109 753 2142 sunt
784 2117 869 2142 eum
909 2104 948 2142 L.
975 2105 1174 2143 Tuberone.
1241 2105 1351 2142 Domi
1389 2120 1460 2144 una

110 2166 248 2213 eruditi,
269 2165 428 2204 ⁸militiae
449 2167 730 2214 contubernales,
749 2173 829 2217 post
856 2168 988 2214 affines,
1008 2167 1045 2203 in
1072 2167 1171 2204 omni
1200 2168 1357 2218 denique
1386 2170 1459 2206 vita

109 2229 320 2267 familiares:
347 2241 523 2280 magnum
545 2230 654 2267 etiam
676 2230 871 2277 vinculum,
892 2231 991 2281 quod
1018 2230 1146 2267 iisdem
1172 2230 1298 2267 studiis
1317 2244 1459 2282 semper

111 2292 165 2329 usi
192 2305 329 2329 sumuS.
390 2291 472 2329 Seio
498 2292 609 2343 igitur
634 2293 861 2330 Tuberonem
891 2292 989 2330 domi
1017 2304 1164 2329 manere
1193 2292 1367 2331 voluisse:
1394 2295 1458 2332 sed

109 2355 161 2393 ita
180 2352 354 2407 'quidam
375 2354 516 2406 agebat,
534 2355 586 2392 ita
603 2356 653 2393 rei
671 2355 825 2407 publicae
853 2355 1119 2392 sanctissimum
1146 2367 1281 2393 nomen
1304 2369 1459 2407 oppone-
