1596 2643
507 130 643 155 ORATIO
673 130 746 155 PRO
775 131 814 155 M.
842 129 1051 155 MARCELLO.
1405 122 1452 155 63

107 232 237 270 liceret.
293 237 352 270 31.
380 233 598 271 *Perfuncta
616 247 671 270 res
690 233 835 283 publica
854 237 907 270 est
920 233 989 270 hoc
1008 233 1136 270 misero
1149 232 1320 282 fatalique
1339 233 1455 270 bello:

106 297 190 333 vicit
215 297 253 343 is,
282 298 343 347 qui
370 310 444 335 non
471 297 613 334 fortuna
642 297 879 333 inflammaret
907 297 1031 333 odium
1059 309 1175 342 suum,
1203 296 1268 333 sed
1296 296 1456 333 bonitate

105 359 251 396 leniret:
282 360 370 397 ε’1166
388 360 450 410 qui
469 373 603 406 01111163,
624 360 755 410 quibus
782 360 890 396 iratus
920 364 1020 406 esset,
1041 360 1187 396 eosdem
1207 359 1317 395 etiam
1337 358 1457 395 exsilio

107 426 169 458 aut
196 427 310 460 morte
339 423 465 473 dignos
489 422 674 473 judicaret.
728 422 844 459 Arma
863 423 911 460 ab
931 421 1006 458 aliis
1025 412 1149 472 posita,
1170 422 1217 458 ab
1239 421 1312 458 aliis
1335 426 1457 471 erepta

105 489 197 521 sunt.
251 485 415 535 Ingratus
435 490 489 522 est
506 485 726 535 injustusque
747 485 839 531 61113,
860 485 932 535 qui,
956 497 1137 522 armorum
1157 483 1313 535 periculo
1332 483 1457 521 libera-

105 552 171 593 tus,
193 549 375 585 ⁶animum
397 555 519 587 tamen
539 549 666 586 retinet
686 554 888 596 armatum3
917 554 957 586 ut
977 550 1085 586 etiam
1106 548 1164 586 ille
1185 548 1311 586 melior
1329 548 1381 595 sit,
1394 547 1456 598 qui

106 610 142 646 in
162 611 237 648 acie
259 611 398 659 cecidit,
419 612 480 662 qui
499 612 537 648 in
557 625 664 649 causa
684 612 843 648 animam
863 612 1029 662 profudit.
1076 612 1166 656 Quae
1188 611 1285 648 enim
1306 611 1458 662 pertina-

106 673 160 710 cia
180 673 408 724 quibusdam,
424 676 553 712 cadem
574 675 649 711 aliis
670 675 877 721 constantia,
890 674 1002 712 videri
1022 679 1148 725 potest.
1204 679 1263 711 32.
1292 674 1365 712 Sed
1380 675 1458 725 J'am

106 737 118 754 ⁷
128 737 245 774 omnis
265 737 376 774 fracta
390 738 560 775 dissensio
576 742 630 775 est
648 738 765 784 armis,
780 738 952 775 exstincta
966 738 1135 788 aequitate
1151 737 1290 775 victoris
1304 750 1312 775 :
1340 742 1456 785 restat,

105 804 145 836 ut
164 813 289 837 omnes
308 814 423 837 unum
437 800 556 848 velint,
572 801 634 851 qui
655 801 764 838 modo
782 801 920 838 habent
939 801 1086 851 ahquid,
1101 814 1173 838 non
1187 800 1302 838 solum
1322 801 1445 851 sapien

104 861 174 909 tiae,
193 862 258 899 sed
286 862 396 899 etiam
423 862 593 900 sanitatis.
656 862 736 899 Nisi
755 867 801 910 te,
822 863 862 900 O.
883 863 1013 910 Caesar,
1032 863 1138 910 salvo,
1158 868 1195 900 et
1222 862 1259 900 in
1287 863 1355 900 ista
1381 876 1456 900 sen-

104 926 226 973 tentia,
243 925 338 976 ‘'qua
357 939 472 977 quum
493 931 608 974 antea,
627 931 706 963 tum
725 926 835 964 hodie
855 927 911 964 vel
930 927 1088 964 maxime
1108 940 1191 963 usus
1212 940 1258 974 es,
1276 931 1458 974 manente,

104 989 189 1026 salvi
219 1003 293 1027 esse
321 1003 393 1027 non
422 1003 621 1040 possumus
686 990 805 1034 Quare
834 991 982 1028 ⁹omnes
1010 995 1056 1037 te,
1077 990 1139 1040 qui
1159 990 1239 1028 haec
1266 990 1364 1027 salva
1383 1003 1458 1028 esse

105 1052 277 1099 volumus,
293 1057 329 1090 et
347 1053 534 1090 hortamur
553 1058 589 1091 et
605 1054 846 1101 obsecramus,
861 1058 901 1090 ut
914 1054 996 1091 vitae
1012 1058 1083 1091 tuae
1100 1058 1136 1091 et
1154 1053 1259 1091 saluti
1276 1053 1458 1101 consulas3

104 1128 303 1166 omnesque
323 1115 389 1152 tibi
410 1114 467 1167 (ut
485 1129 549 1166 pro
569 1116 645 1153 aliis
666 1116 777 1154 etiam
791 1117 925 1167 loquar,
941 1117 1077 1167 ¹⁰quod
1093 1117 1138 1154 de
1154 1130 1213 1154 me
1227 1117 1303 1167 ipse
1317 1114 1458 1168 sentio),

104 1177 277 1227 quoniam
306 1178 484 1215 ¹²subesse
513 1179 650 1229 aliquid
678 1183 793 1229 putas,
815 1180 912 1230 quod
943 1180 1145 1217 cavendum
1172 1179 1226 1226 sit,
1248 1193 1318 1217 non
1347 1180 1459 1217 modo

106 1240 313 1278 ¹²excubias
332 1245 367 1279 et
387 1241 575 1288 custodias,
595 1242 660 1279 sed
680 1242 791 1280 etiam
814 1242 970 1279 laterum
986 1247 1191 1279 nostrorum
1211 1242 1395 1293 oppositus
1423 1247 1458 1280 61

104 1317 292 1354 corporum
312 1304 529 1355 pollicemur.

183 1367 250 1405 XI.
306 1372 365 1404 33.
394 1368 469 1405 Sed
491 1372 542 1415 ut,
561 1368 658 1406 unde
679 1373 732 1406 est
751 1381 838 1416 orsa,
856 1368 895 1405 in
924 1369 1054 1406 eodem
1083 1368 1297 1406 terminetur
1324 1369 1458 1407 oratio:

105 1429 115 1446 ¹
127 1429 303 1466 maximas
322 1430 389 1467 tibi
409 1443 534 1467 omnes
553 1431 686 1481 gratias
706 1431 862 1481 agimus,
885 1431 924 1468 C.
946 1431 1075 1479 Caesar,
1095 1432 1247 1482 majores
1267 1432 1378 1470 etiam
1396 1432 1458 1469 ha-

104 1492 244 1529 bemus.
298 1492 396 1529 Nam
416 1506 541 1530 omnes
559 1493 659 1530 idem
680 1494 846 1541 sentiunt,
867 1495 965 1545 quod
985 1508 1030 1531 ex
1050 1494 1217 1532 omnium
1237 1495 1402 1545 precibus
1421 1500 1460 1533 et

104 1554 259 1591 lacrimis
277 1555 406 1592 sentire
426 1555 594 1605 potuisti:
621 1556 696 1602 sed,
716 1556 804 1607 quia
823 1557 917 1594 ²non
937 1561 991 1594 est
1009 1557 1179 1595 omnibus
1201 1558 1380 1596 stantibus
1399 1571 1458 1596 ne-

104 1630 201 1655 66336
221 1618 357 1665 dicere3
380 1618 424 1655 ³a
442 1632 504 1656 me
523 1624 618 1656 certe
639 1619 710 1656 dici
725 1620 858 1667 volunt,
871 1620 928 1657 cui
948 1633 1090 1658 11666336
1104 1628 1157 1658 est
1171 1622 1456 1672 quodammodo,

103 1685 140 1718 et
159 1681 258 1732 quod
277 1681 352 1719 fieri
367 1682 481 1729 decet,
496 1682 545 1719 M.
557 1682 725 1730 Marcello
745 1696 767 1720 a
784 1688 820 1720 te
834 1683 921 1721 huic
935 1684 1049 1722 ordini
1069 1685 1277 1736 populoque
1290 1686 1458 1725 Romano

103 1748 140 1781 et
158 1744 208 1782 rei
227 1744 382 1795 publicae
401 1745 553 1792 reddito,
573 1745 649 1783 fieri
668 1746 707 1783 id
727 1746 898 1798 intelligo.
952 1746 1052 1784 Nam
1073 1748 1184 1786 laetari
1205 1763 1341 1797 omnes,
1362 1753 1457 1788 *non

103 1807 149 1845 de
168 1807 274 1844 unius
292 1807 420 1856 solum,
435 1809 500 1846 sed
514 1809 560 1846 de
576 1809 764 1847 communi
784 1811 908 1858 salute,
923 1811 1046 1849 sentio.
1094 1815 1155 1850 34.
1181 1812 1312 1857 “Quod
1331 1819 1455 1852 autem

101 1884 259 1908 summae
279 1871 538 1910 benevolentiae
559 1877 622 1920 est,
644 1873 656 1891 ⁶
669 1887 753 1924 quae
773 1887 859 1912 mea
878 1888 964 1926 erga
990 1875 1095 1913 illum
1115 1877 1286 1914 omnibus
1313 1891 1458 1929 semper

102 1937 188 1970 nota
205 1932 282 1980 fuit,
303 1937 345 1970 ut
363 1933 421 1970 111(
443 1934 483 1971 C.
502 1934 681 1982 Marcello,
701 1936 840 1986 optimo
868 1942 904 1974 et
931 1938 1181 1976 amantissimo
1202 1939 1308 1988 fratri,
1328 1946 1457 1990 praeter

102 2008 189 2032 eum
213 1995 374 2046 quidem,
394 1997 561 2034 cederem
581 1998 730 2046 nemini,
752 2013 867 2050 quum
888 1999 927 2038 id
947 2000 1197 2049 sollicitudine,
1218 2015 1313 2049 cura,
1334 2003 1455 2042 labore

102 2057 244 2095 tamdiu
273 2058 509 2109 praestiterim,
529 2061 709 2112 quamdiu
730 2067 783 2099 est
802 2063 848 2100 de
867 2063 961 2100 illius
988 2064 1101 2101 salute
1122 2065 1342 2111 dubitatum,
1361 2073 1454 2104 certe

102 2119 172 2157 hoc
190 2125 364 2170 tempore,
382 2122 525 2172 magnis
553 2124 655 2171 611113,
676 2125 858 2172 molestiis,
879 2126 1061 2164 doloribus
1090 2127 1268 2174 liberatus,
1288 2133 1454 2177 praestare

103 2183 230 2221 debeo.
284 2183 422 2235 Itaque,
442 2185 483 2223 C.
503 2186 632 2234 Caesar,
654 2188 726 2226 ⁷sic
754 2189 821 2226 tibi
849 2190 983 2240 gratias
1011 2203 1090 2241 ago,
1120 2195 1169 2237 ut,
1197 2191 1366 2228 omuibus
1393 2205 1454 2230 me

102 2246 211 2284 rebus
230 2259 252 2283 a
270 2251 306 2284 te
325 2259 397 2284 non
417 2255 621 2288 consewato
639 2251 766 2298 solum,
787 2253 852 2290 sed
880 2252 990 2290 etiam
1020 2258 1154 2299 ornato,
1174 2257 1297 2291 tamen
1317 2255 1365 2292 ad
1390 2259 1454 2293 tua

101 2307 140 2345 in
158 2321 220 2347 me
241 2322 358 2361 unum
379 2310 657 2351 innumerabilia
675 2315 816 2362 merita,
837 2316 937 2366 quod
957 2315 1032 2353 fieri
1051 2316 1129 2366 jam
1150 2330 1251 2367 posse
1271 2330 1343 2355 non
1362 2319 1454 2356 arbi·

103 2371 232 2420 trahar,
253 2373 436 2410 maximus
454 2373 523 2412 hoc
542 2379 607 2414 tuo
624 2376 718 2415 facto
737 2378 906 2415 cumulus
925 2379 1118 2417 accesserit.

414 2440 437 2473 4
