1596 2643
730 347 824 379 PRO

178 491 535 569 REGE
642 487 1373 566 DEIOTARO

748 682 799 708 AD

547 795 1020 846 (JAESiaIzE]u

659 954 900 1004 ORATIO.

613 1112 963 1132 —-—⁴00——-

185 1240 213 1279 I.
269 1243 302 1278 1.
330 1240 469 1284 ¹QUUM
495 1239 532 1276 in
559 1239 724 1277 omnibus
752 1237 864 1275 causis
892 1236 1126 1288 gravioribus,
1148 1236 1188 1274 O.
1208 1236 1337 1283 Caesar,
1360 1233 1458 1274 initio

107 1303 248 1341 dicendi
277 1302 495 1341 commoveri
521 1301 656 1339 soleam
683 1300 943 1346 vehementius,
972 1312 1084 1350 quam
1113 1299 1279 1336 videatur
1298 1299 1355 1336 vel
1375 1312 1458 1336 usus
1509 1347 1515 1352 .

107 1366 162 1403 vel
182 1366 194 1384 ²
205 1371 292 1404 aetas
305 1379 389 1403 mea
406 1365 593 1416 postulare,
608 1368 689 1401 tum
706 1364 744 1400 in
757 1363 826 1400 hac
841 1376 947 1400 causa
966 1363 1017 1399 ita
1030 1375 1090 1399 me
1104 1362 1218 1399 multa
1237 1362 1457 1412 perturbant,

108 1433 157 1475 ut,
179 1433 356 1478 quantum
373 1440 458 1464 mea
476 1428 565 1464 fides
583 1427 691 1464 studii
708 1426 798 1462 mihi
826 1425 948 1462 afferat
967 1425 1015 1462 ad
1044 1425 1198 1462 salutem
1230 1425 1324 1475 regis
1354 1425 1458 1462 Deio-

107 1490 174 1527 tari
204 1490 480 1536 defendendam,
507 1493 653 1526 tantum
684 1488 861 1525 facultatis
892 1488 999 1524 timor
1032 1487 1209 1524 detrahat,
1271 1487 1460 1524 ⁸Primum

110 1554 190 1591 dico
208 1566 272 1604 pro
291 1552 407 1603 capite
425 1552 645 1602 fortunisque
665 1551 781 1602 regis3
809 1550 933 1601 ⁴quod
962 1550 1081 1600 ipsum
1101 1549 1165 1587 etsi
1195 1563 1266 1587 non
1295 1550 1458 1601 iniquum

109 1620 172 1662 est,
191 1615 230 1652 in
248 1619 310 1652 tuo
330 1615 508 1652 duntaxat
526 1613 691 1664 periculo,
705 1618 828 1650 tamen
851 1617 905 1649 est
922 1612 972 1649 ita
984 1612 1204 1658 inusitatum,
1217 1625 1342 1662 regem
1358 1625 1460 1649 reum

109 1678 233 1728 capitis
253 1690 337 1724 esse,
351 1682 393 1714 ut
407 1681 491 1714 ante
510 1676 579 1714 hoc
592 1681 735 1726 tempus
754 1689 826 1713 non
838 1675 884 1712 sit
903 1675 1078 1712 auditum.
1135 1678 1167 1711 2.
1197 1675 1361 1712 ⁵Deinde
1375 1688 1459 1712 eum

109 1753 244 1791 regem,
265 1753 374 1791 quem
394 1752 519 1777 ornare
539 1743 647 1776 antea
673 1743 802 1776 cuncto
822 1751 907 1775 cum
926 1742 1052 1774 senatu
1071 1737 1283 1785 solebamus,
1302 1751 1367 1788 pro
1385 1751 1461 1788 per-

109 1802 225 1854 petuis
244 1803 319 1853 ejus
337 1802 376 1839 in
394 1807 551 1840 nostram
570 1815 646 1839 rem
666 1801 848 1852 publicam
869 1800 1036 1847 ‘’meritis,
1064 1813 1160 1837 nunc
1180 1805 1302 1837 contra
1321 1801 1461 1838 atrocis-

110 1866 242 1902 simum
262 1865 396 1902 crimen
416 1878 524 1915 cogor
543 1864 747 1902 defendere,
801 1864 978 1910 ⁷Accedit,
992 1867 1034 1900 ut
1053 1868 1299 1900 accusatorum
1320 1863 1460 1900 alterius

112 1928 332 1975 crudelitate,
365 1927 508 1965 alterius
539 1927 752 1978 indignitate
783 1927 981 1965 conturber.
1037 1926 1048 1944 Β
1060 1926 1222 1963 Crudelis
1253 1927 1387 1973 Castor,
1416 1940 1460 1963 nc

113 1991 232 2028 dicam
250 1990 462 2028 sceleratum
483 1995 518 2028 et
536 1991 689 2041 impium
705 2002 713 2038 3
743 1990 805 2041 qui
824 2003 934 2040 nepos
955 2003 1063 2026 avum
1082 1989 1119 2026 in
1133 1989 1257 2039 capitis
1273 1989 1460 2026 discrimen

113 2053 312 2100 adduxerit,
332 2053 676 2104 ‘'adolescentiaeque
694 2066 769 2090 suae
793 2057 964 2090 terrorem
984 2052 1142 2090 intulerit
1161 2052 1203 2098 ei,
1224 2052 1322 2102 cujus
1341 2065 1461 2088 senoc-

113 2120 228 2153 tutem
252 2115 341 2153 tueri
361 2119 398 2152 et
414 2120 538 2166 tegere
559 2116 725 2163 debebat,
746 2115 1170 2165 commendationemque
1190 2114 1343 2151 ineuntis
1363 2120 1461 2151 aesta-

114 2177 157 2215 tis
177 2178 223 2215 ab
241 2177 423 2228 impietate
438 2183 475 2215 et
487 2178 618 2216 scelere
639 2179 802 2226 duxerit3
830 2178 886 2215 avi
906 2191 1056 2224 servum,
1071 2186 1277 2227 corruptum
1297 2177 1461 2226 praemiis,

114 2241 161 2278 ad
180 2240 424 2278 accusandum
443 2240 630 2277 dominum
652 2241 877 2291 ¹⁰impulerit,
898 2253 919 2277 a
937 2240 1137 2290 legatorum
1156 2238 1307 2289 pedibus
1327 2239 1462 2276 abdux-

114 2302 190 2340 erit.
244 2306 278 2339 3.
305 2301 459 2356 Fugitivi
478 2307 602 2339 autem
621 2303 810 2340 dominum
838 2301 1044 2347 accusantis,
1065 2305 1101 2338 ct
1120 2300 1309 2338 dominum
1337 2301 1463 2338 absen-

116 2370 202 2412 tem,
221 2369 259 2403 et
277 2365 468 2403 dominum
487 2365 742 2403 amicissimum
769 2369 897 2403 nostrae
924 2365 972 2402 rei
991 2364 1155 2414 publicae,
1177 2376 1291 2414 quum
1310 2377 1349 2401 os
1367 2363 1464 2402 vide-
