1596 2643
119 109 169 143 48
461 116 597 142 ORATIO
625 117 698 141 PRO
726 118 761 141 A.
790 116 934 141 LICINIO
963 115 1119 141 ARCHIA.

201 225 260 258 12.
288 221 436 265 Quaeres
454 234 476 258 a
494 221 607 266 nobis,
628 220 737 266 Grati,
757 233 821 256 cur
842 225 1025 269 tantopere
1051 219 1121 257 hoc
1147 218 1292 256 homine
1311 217 1463 256 delecte-

118 298 209 322 mur.
264 285 380 328 ³Quia
399 284 604 334 suppeditat
628 283 739 329 nobis,
758 283 821 319 ubi
840 288 877 319 et
903 283 1043 319 animus
1061 296 1099 318 e)
1131 282 1199 319 hoc
1226 281 1351 318 forensi
1378 285 1462 318 stre-

119 348 196 398 pitu
215 348 401 393 reficiatur,
416 352 451 383 et
470 359 573 382 aures
593 345 747 382 couxicio
767 345 911 382 defessae
932 345 1194 394 conquiescant.
1239 346 1300 380 An
1318 351 1358 380 tu
1378 343 1463 380 exis-

119 411 222 447 timas
241 415 305 447 aut
323 410 532 459 ⁴suppetere
552 408 655 444 nobis
681 421 791 457 posse.
811 409 911 457 quod
939 408 1098 457 quotidie
1118 408 1290 453 dicamus,
1308 407 1344 443 in
1364 412 1463 443 tanta

118 474 287 510 varietate
306 485 438 516 rerum,
457 471 521 507 nisi
545 471 683 507 animos
710 475 844 507 nostros
863 471 1022 507 doctrina
1041 470 1265 516 excolamus3
1293 476 1356 506 aut
1374 469 1463 506 ferre

118 537 255 572 animos
275 541 412 571 tantam
434 547 533 584 posse
554 533 827 579 contentionem,
846 533 911 569 nisi
925 546 984 569 eos
1007 533 1167 569 doctrina
1186 533 1314 570 eadem
1333 532 1464 569 relaxe-

118 600 223 634 mus?
277 598 355 647 Ego
383 611 466 634 vcro
491 597 612 639 fateor,
641 609 700 633 me
727 596 782 632 his
809 596 934 632 studiis
967 608 1039 632 esse
1067 595 1243 632 deditum.
1298 594 1463 631 ‘'Cetei-os

118 661 264 709 pudeat,
283 660 311 696 si
331 660 391 710 qui
410 673 446 696 se
466 659 513 696 ita
534 659 639 696 literis
659 659 886 704 abdiderunt,
906 663 947 694 ut
963 658 1051 694 nihil
1075 657 1207 708 possint
1226 670 1268 693 ex
1286 657 1326 693 iis
1344 669 1463 707 neque

119 723 164 759 ad
187 736 420 759 communem
441 723 562 759 afferte
581 722 748 765 fructum,
760 734 878 771 neque
897 721 933 757 in
948 721 1159 771 adspectum
1179 721 1372 770 lucemque
1387 733 1465 770 pro-

117 786 217 822 ferre.
272 786 332 823 Me
353 792 474 823 autem
493 786 581 835 quid
602 786 749 835 pudeat,
770 785 833 835 qui
861 789 913 821 tot
940 797 1050 821 annos
1076 784 1125 820 ita
1145 784 1232 829 xixo,
1255 783 1404 833 judices,
1423 788 1465 819 ut

119 847 163 883 ⁶a
184 847 312 883 nuliius
332 861 495 897 unquam
525 861 584 883 me
609 852 769 896 tempore
798 851 862 883 aut
889 846 1080 883 commodo
1108 850 1171 882 aut
1199 845 1312 882 otium
1339 857 1463 881 meum

118 911 338 956 abstraxerit,
367 916 428 947 aut
449 910 611 960 voluptas
639 909 801 955 avocarit,
829 914 889 945 aut
909 909 1064 958 denique
1083 920 1229 944 somnus
1255 907 1464 944 retardarit?

121 978 178 1010 13.
208 973 328 1017 Quare
349 974 451 1023 *quis
471 974 618 1010 tandem
638 986 697 1009 me
717 972 963 1022 reprehendat,
984 976 1047 1008 aut
1072 971 1151 1021 quis
1178 970 1266 1006 mihi
1289 970 1369 1020 jure
1387 983 1466 1008 suc-

118 1043 268 1078 censeat,
288 1036 346 1081 ⁸si,
367 1042 545 1086 quantum
562 1036 686 1072 ceteris
701 1035 747 1071 ad
766 1048 848 1071 suas
862 1047 916 1071 res
933 1034 1128 1080 obeundas,
1143 1037 1321 1083 quantum
1336 1033 1382 1070 ad
1400 1032 1466 1069 fes-

118 1105 172 1136 tos
192 1099 268 1135 dics
286 1099 455 1136 ludorum
484 1099 726 1142 celebrandos,
746 1103 924 1148 quantum
952 1097 998 1134 ad
1029 1097 1112 1133 alias
1137 1096 1348 1146 voluptates,·
1364 1100 1399 1133 et
1418 1096 1465 1133 ad

116 1162 232 1212 ipsam
251 1163 414 1212 requiem
435 1162 543 1198 animi
563 1167 598 1198 et
618 1161 769 1211 corporis
797 1160 1004 1198 conceditur
1031 1165 1256 1209 temporum;
1285 1164 1464 1208 quantum

119 1226 174 1262 alii
195 1226 359 1262 tribuunt
388 1226 604 1275 tempestivis
623 1224 795 1269 conviviis,
816 1229 993 1274 quantum
1015 1223 1170 1272 denique
1189 1222 1333 1268 alveolo,
1352 1235 1466 1272 quan-

118 1293 196 1325 tum
218 1289 307 1338 pilae,
325 1294 465 1325 tantum
485 1288 572 1324 mihi
593 1292 736 1338 egomet
757 1287 803 1323 ad
822 1287 901 1323 haec
915 1286 1035 1323 studia
1054 1286 1242 1323 recolenda
1260 1286 1465 1336 sumpsero?

118 1352 244 1400 Atque
264 1351 332 1387 hoc
353 1351 444 1387 adeo
462 1350 549 1386 mihi
571 1350 843 1387 concedendum
863 1354 916 1385 est
937 1348 1062 1398 magia
1081 1348 1177 1398 quod
1199 1361 1242 1384 ex
1268 1347 1322 1384 his
1340 1348 1465 1386 studiis

119 1414 222 1451 ⁹haec
243 1427 388 1464 quoque
409 1414 533 1450 crescit
552 1414 662 1450 oratio
681 1418 716 1449 ct
743 1412 911 1450 facultas:
941 1424 1035 1461 quae⁷
1056 1416 1337 1461 quantacunque
1357 1416 1410 1448 est
1427 1411 1464 1448 in

118 1489 188 1520 me,
208 1489 397 1526 nunquam
419 1476 616 1513 amicorum
645 1475 808 1525 peliculis
829 1474 950 1512 defuit.
1006 1473 1135 1517 ¹⁰Quae
1155 1473 1183 1510 si
1203 1473 1260 1510 cui
1284 1473 1392 1510 levior
1417 1473 1465 1510 vi-

119 1541 231 1588 detur,
250 1539 307 1576 illa
328 1539 478 1589 quidem
499 1543 603 1585 certe,
622 1551 704 1588 quae
722 1550 867 1574 summa
893 1542 983 1583 sunt,
1005 1550 1047 1573 ex
1067 1549 1142 1586 quo
1168 1536 1264 1573 fonte
1290 1536 1464 1583 hauriam,

118 1603 241 1640 sentio.
299 1607 357 1639 14.
386 1602 495 1649 Nam,
513 1602 578 1638 nisi
598 1601 793 1638 multorum
811 1601 998 1651 przeceptis
1024 1600 1217 1650 multisque
1244 1599 1350 1636 literis
1376 1598 1464 1635 mihi

118 1667 166 1703 ab
185 1666 425 1703 adolescentia
442 1665 639 1710 suasissem,
658 1665 743 1701 nihil
772 1677 849 1701 esse
874 1664 911 1700 in
929 1664 1001 1700 zita
1020 1664 1272 1713 ”magnopere
1301 1667 1465 1712 expeten-

121 1729 222 1775 dum,
241 1729 305 1765 nisi
338 1729 486 1765 laudem
514 1733 622 1778 atque
649 1727 896 1772 honestatem3
927 1727 964 1762 in
995 1739 1038 1763 ea
1066 1731 1188 1762 autem
1217 1725 1465 1776 persequenda

119 1805 244 1829 omnes
263 1791 439 1828 cruciatus
459 1790 619 1840 corpori&
638 1790 759 1827 omnia
777 1789 934 1839 pericula
960 1788 1082 1826 mortis
1100 1793 1210 1838 atque
1229 1788 1348 1825 exsilia
1366 1788 1464 1838 parvi

119 1867 195 1892 esse
212 1855 398 1900 ducenda-3
426 1866 615 1903 nunquam
633 1865 692 1889 me
711 1865 776 1902 pro
787 1852 899 1888 salute
914 1856 1029 1888 vestra
1046 1851 1082 1887 in
1101 1856 1152 1887 tot
1170 1864 1212 1888 ac
1230 1856 1347 1887 tantas
1361 1851 1465 1888 dimi-

120 1918 275 1955 cationes
295 1922 404 1967 atque
422 1917 458 1953 in
477 1916 542 1953 hos
559 1916 827 1966 profligatorum
845 1914 1037 1952 hominum
1057 1914 1282 1964 quotidianos
1308 1913 1464 1964 impetus

118 1980 337 2030 objecifflem.
391 1979 463 2016 Sed
481 1978 575 2029 pleni
599 1983 682 2015 sunt
708 1990 832 2015 omnes
859 1977 947 2022 libri,
966 1976 1081 2027 plenae
1108 1975 1324 2026 sapientium
1351 1989 1462 2023 voces,

118 2042 226 2092 plena
245 2041 490 2092 exemplorum
509 2046 684 2087 vetustas3
713 2053 796 2089 quae
819 2039 979 2090 jacerent
1004 2039 1042 2075 in
1068 2038 1224 2075 tenebris
1251 2038 1382 2085 omnia,
1398 2037 1464 2075 nisi

118 2104 300 2141 literarum
317 2104 441 2141 lumen
467 2104 662 2141 accederet.
717 2103 743 2120 ²²
754 2102 878 2146 Quam
906 2101 1037 2138 multas
1066 2101 1166 2138 nobis
1192 2101 1366 2151 imagines
1391 2113 1464 2138 nou

120 2167 235 2205 solum
264 2168 312 2204 ad
338 2167 563 2213 intuendum,
591 2179 715 2203 verum
743 2165 852 2203 etiam
879 2165 927 2202 ad
953 2165 1170 2201 imitandum
1195 2164 1464 2202 fortissimorum

120 2229 276 2266 virorum
298 2242 477 2280 expressas
496 2229 680 2279 scriptores
699 2233 736 2265 et
755 2225 880 2264 Graeci*
887 2231 922 2264 et
939 2226 1055 2263 Latini
1073 2227 1318 2276 reliquerunt?
1363 2225 1464 2270 Quas

120 2304 190 2342 ego
207 2291 297 2328 mihi
314 2304 456 2342 semper
472 2291 510 2328 in
528 2290 812 2328 administranda
836 2302 874 2327 re
899 2289 1047 2340 publica
1073 2301 1281 2340 proponens,
1299 2288 1464 2326 animum

119 2359 157 2391 et
174 2359 334 2391 mentem
357 2367 478 2391 meam
500 2353 613 2404 ¹‘'ipsa
631 2353 843 2404 cogitatione
859 2352 1050 2390 hominum
1068 2352 1315 2390 excellentium
1332 2351 1465 2390 eonfor-

118 2413 279 2452 mabam.
