1596 2643
72 135 96 168 4
490 143 626 168 ORATIO
655 143 678 168 Ι.
706 142 748 167 IN
777 142 993 168 CATILINAM.

71 245 265 295 conscripti,
283 245 320 281 in
347 245 416 282 hoc
443 245 536 282 orbis
562 249 664 282 terrae
694 245 933 282 ‘sanctissimo
959 245 1235 295 gravissimoque
1260 245 1411 293 consilio,

71 308 134 357 qui
160 308 206 344 de
233 312 352 345 nostro
378 307 541 344 omnium
566 307 719 354 interim,
744 307 827 357 “qui
855 307 901 344 de
928 308 1033 358 hujus
1060 307 1156 344 urbis
1183 312 1291 357 atque
1321 308 1412 345 adeo

71 371 164 407 orbis
193 375 363 407 terrarum
388 370 492 407 exitio
512 370 678 420 cogitent.
730 370 850 407 Hosce
871 384 939 420 ego
958 371 1063 408 video
1081 371 1210 417 consul,
1231 371 1242 388 ⁷
1254 375 1291 408 et
1309 371 1355 407 de
1374 383 1412 407 re

71 432 215 482 pubfica
240 432 452 469 sententiam
481 432 588 482 rogo!
639 432 695 479 Et,
715 446 803 482 quos
829 433 919 470 fen-0
945 433 1110 470 tmcidari
1137 434 1331 483 oportebat,
1352 447 1411 470 eos

72 496 233 532 nondum
264 508 350 532 voce
382 495 548 532 vulnero!
615 495 724 531 Fuisti
760 496 868 546 igitur
900 497 997 546 apud
1034 496 1178 533 Laecam
1209 496 1268 533 an
1298 502 1411 543 nocte,

72 557 246 594 Catilina:
275 557 501 594 ⁸distribuisti
528 562 644 607 partes
672 557 807 594 Italiae:
834 558 993 610 statuisti,
1013 571 1085 608 quo
1107 571 1288 608 quemque
1311 559 1411 609 proti-

72 619 153 656 cisci
190 620 367 669 placeret:
409 619 580 669 delegisti,
614 620 726 670 ⁹quos
758 620 884 657 Romae
917 620 1140 671 relinqueres,
1173 633 1261 671 quos
1292 628 1412 658 tecum

71 683 263 728 educeres3
301 682 511 732 descripsisti
538 682 635 720 urbis
662 687 779 732 partes
806 683 855 720 ad
885 683 1071 730 incendia3
1102 684 1126 701 ¹⁰
1137 683 1348 720 confirmasti
1381 689 1411 719 te

71 744 186 794 ipsum
210 744 289 794 jam
308 757 383 781 esse
403 745 600 792 exiturum,
628 745 743 782 dixisti
762 745 961 795 paullulum
987 746 1052 783 tibi
1081 759 1154 783 esse
1183 746 1292 783 etiam
1319 758 1412 782 nuuc

72 819 191 852 morae,
217 807 316 856 quod
346 820 414 856 ego
443 807 608 844 viverem.
661 807 806 857 Reperti
835 813 917 844 sunt
949 809 1057 845 1¹duo
1086 808 1220 858 equites
1251 808 1412 854 Romani,

72 869 132 918 qui
152 874 187 906 te
205 869 273 905 ista
292 882 376 906 cura
394 869 592 916 liberarent,
613 874 649 907 et,
667 883 743 907 sese
762 870 823 906 illa
841 870 916 920 ipsa
935 876 1037 908 nocte
1057 871 1175 921 paullo
1194 875 1275 907 ante
1295 870 1412 907 lucem

71 944 131 968 me
157 931 195 967 in
221 945 303 969 meo
330 931 459 969 lectulo
486 932 727 970 interfecturos
754 945 828 970 esse
849 932 1091 982 policerentur.
1148 937 1205 969 10.
1233 933 1326 970 Haec
1346 946 1413 982 ego

71 994 202 1039 omnia,
232 994 379 1030 vixdum
412 995 520 1031 etiam
553 1000 648 1032 coetu
678 1000 792 1032 vestro
824 996 978 1041 dimisso,
1010 996 1035 1012 ¹²
1047 995 1224 1045 comperi:
1263 996 1413 1033 domum

73 1068 192 1093 meam
210 1056 403 1105 majon'bus
421 1057 592 1106 praesidiis
611 1057 747 1093 munivi
774 1062 882 1107 atque
902 1058 1059 1094 firmaxd:
1088 1057 1218 1094 exclusi
1237 1070 1305 1103 eos,
1325 1071 1413 1107 quos

72 1123 112 1155 tu
130 1131 237 1155 mane
259 1118 283 1135 ¹³
295 1119 342 1156 ad
361 1132 420 1156 me
444 1119 636 1156 saluta-tum
664 1120 819 1166 miseras,
840 1133 952 1170 quum
972 1121 1018 1156 illi
1039 1121 1102 1170 ipsi
1123 1120 1305 1166 venissent,
1325 1133 1413 1170 quos

72 1193 140 1231 ego
161 1181 239 1231 jam
265 1182 385 1218 multis
413 1195 456 1219 ac
481 1183 630 1218 summis
649 1182 728 1219 viris
747 1183 795 1219 ad
822 1196 881 1219 me
905 1183 944 1220 id
970 1182 1137 1233 temporis
1156 1187 1319 1220 venturos
1339 1195 1411 1219 esse

71 1244 316 1294 praedixeram.

149 1307 195 1344 V.
248 1308 258 1324 ¹
270 1307 359 1351 Quae
381 1320 494 1357 qumn
511 1307 562 1344 ita
579 1308 657 1355 sint,
673 1308 833 1355 Catilina,
847 1321 965 1359 perge,
980 1321 1052 1359 quo
1066 1308 1220 1358 coepisti:
1245 1308 1412 1358 egredere

71 1370 262 1420 aliquando
290 1383 333 1407 ex
360 1371 470 1408 urbe:
502 1376 628 1421 patent
654 1376 787 1421 portae:
817 1372 1044 1422 proficiscere.
1097 1371 1262 1408 Nimium
1290 1371 1351 1408 diu
1378 1376 1413 1407 te

70 1434 321 1484 imperatorem
349 1434 434 1470 2tua
459 1434 519 1470 illa
541 1434 725 1471 Manliana
747 1441 861 1472 castra
889 1436 1100 1472 desiderant.
1164 1435 1266 1472 Educ
1293 1439 1413 1471 tecum

71 1497 179 1533 etiam
211 1510 335 1534 omnes
367 1501 466 1534 tuos:
501 1497 550 1533 ³si
582 1498 709 1543 minus,
738 1511 847 1548 quam
879 1498 1058 1547 plurimos.
1122 1498 1245 1547 Pul-ga
1277 1497 1413 1534 urbem.

70 1559 206 1609 Magno
233 1572 292 1596 me
320 1565 421 1596 metu
448 1559 623 1606 liberabis,
643 1559 843 1597 dummodo
869 1560 960 1597 inter
985 1573 1045 1596 me
1074 1564 1181 1609 atque
1208 1564 1244 1596 te
1269 1559 1413 1595 ⁴mums

70 1622 213 1659 intersit.
266 1622 466 1659 Nobiscum
485 1623 610 1660 versari
626 1623 703 1673 jam
724 1623 854 1660 diutius
874 1636 944 1660 non
963 1628 1084 1673 potes:
1111 1635 1182 1659 non
1201 1622 1322 1667 feram,
1342 1634 1413 1659 non

70 1685 193 1735 patiar,
221 1697 292 1721 non
320 1685 445 1721 sinam.
502 1689 560 1721 11.
589 1685 745 1735 ‘’Magna
773 1686 839 1722 diis
870 1685 1128 1722 immortalibus
1160 1684 1328 1721 habenda
1350 1690 1412 1733 est,

71 1752 178 1797 atque
209 1747 294 1784 huic
325 1747 389 1796 ipsi
420 1746 501 1784 Jovi
539 1747 678 1793 Statori,
711 1748 953 1797 antiquissimo
990 1747 1126 1784 custodi
1163 1747 1268 1797 hujus
1305 1746 1411 1792 urbis,

69 1809 194 1860 gratia,
214 1809 312 1859 quod
330 1809 425 1846 hane
443 1813 519 1845 tam
537 1813 677 1855 tetram,
697 1814 772 1846 tam
792 1809 995 1847 horribilem
1013 1814 1161 1859 tamque
1180 1809 1343 1845 infestam
1363 1809 1411 1845 rei

70 1871 222 1921 publicae
251 1875 388 1921 pestem
415 1871 518 1908 toties
539 1871 615 1921 jam
645 1871 842 1921 effligimus.
906 1871 991 1908 Non
1019 1877 1072 1908 est
1098 1871 1225 1920 saepius
1254 1870 1311 1906 “in
1341 1884 1412 1907 uno

69 1933 215 1970 homine
246 1946 390 1969 summa
420 1932 514 1969 salus
546 1933 778 1983 periclitanda
806 1933 856 1970 rei
885 1933 1048 1983 publicae.
1112 1933 1294 1976 Quamdiu
1324 1932 1409 1968 mihi

71 1995 227 2032 ⁷consuli
247 1995 442 2045 designato,
462 1995 623 2041 Catilina,
642 1995 824 2032 insidiatus
843 2008 890 2041 es,
909 2008 979 2032 non
999 1995 1142 2045 publico
1160 2007 1219 2031 me
1238 1994 1410 2044 praesidio,

69 2059 134 2094 sed
166 2057 302 2108 privata
334 2057 517 2108 diligentia
549 2056 702 2095 defendi.
766 2058 889 2102 Quum
922 2058 1108 2108 ⁸proximis
1146 2057 1293 2094 comitiis
1332 2070 1408 2094 con—

69 2120 243 2157 sularibus
269 2133 330 2157 me
358 2120 537 2158 consulem
565 2120 603 2157 in
630 2133 766 2170 campo,
784 2125 820 2158 et
844 2121 1089 2171 competitores
1113 2124 1192 2157 tuos
1215 2120 1409 2157 interficere

70 2183 216 2229 voluisti,
250 2183 439 2233 compressi
472 2188 618 2220 conatus
655 2188 734 2220 tuos
765 2183 913 2220 nefam‘os
946 2183 1141 2220 amicorum
1178 2183 1341 2233 praesidio
1374 2187 1409 2218 et

70 2245 187 2294 copiis,
205 2246 302 2283 nullo
321 2245 477 2283 tumultu
496 2245 638 2296 publice
658 2246 850 2283 concitato:
877 2246 1039 2296 denique,
1053 2246 1330 2296 quotiescunque
1349 2257 1407 2280 me

70 2307 219 2357 ‘’petisti,
238 2322 301 2358 per
318 2322 378 2346 me
396 2309 462 2347 tibi
480 2309 620 2346 obstiti:
649 2321 871 2359 quamquam
889 2309 1057 2346 videbam
1076 2307 1268 2358 perniciem
1286 2319 1406 2343 meam

69 2383 153 2408 cum
172 2383 306 2421 magna
325 2372 527 2410 calamitate
544 2371 595 2410 rei
614 2371 767 2422 publicae
787 2384 862 2409 esse
881 2372 1117 2422 conjunctam.
1172 2370 1316 2407 ¹⁰Nunc
1329 2369 1407 2418 jam
