1596 2643
155 120 202 153 80
527 129 663 155 ORATIO
690 131 762 156 PRO
790 131 890 155 REGE
918 131 1116 157 DmoTARo.

152 231 301 280 dippum
327 231 519 277 medicum,
538 244 677 268 servum
705 224 855 281 regium,
883 232 944 282 qui
976 246 1057 269 cum
1083 233 1206 282 legatis
1234 233 1360 269 missus
1388 238 1486 280 esset,

151 294 198 330 ab
219 294 308 330 ⁹ist0
336 294 559 330 adolescente
591 307 665 330 esse
695 300 910 344 corruptum,
931 295 999 331 hac
1027 309 1107 331 sum
1135 296 1329 345 suspicione
1351 309 1487 345 percus-

150 367 229 392 sus:
258 356 440 391 medicum
460 356 615 392 indicem
635 357 858 403 subornavit,
878 357 990 406 finget
1010 357 1172 393 videlicet
1191 358 1334 407 aliquod
1354 358 1487 394 crimen

151 417 287 453 veneni.
341 418 411 453 Etsi
434 430 455 452 a
482 418 628 453 veritate
659 418 775 467 longe,
795 423 917 454 tamen
947 432 968 454 a
995 420 1249 456 consuetudine
1279 420 1487 456 criminandi

150 492 221 515 non
248 480 402 515 multum
430 492 483 515 res
508 479 732 516 abhorrebat.
789 484 846 516 18.
875 480 971 523 Quid
999 481 1047 516 ait
1073 481 1260 518 medicus?
1314 481 1414 517 Nihil
1442 482 1486 518 de

150 555 296 578 veneno.
353 542 404 577 At
427 541 464 578 id
497 542 570 577 fieri
598 542 714 591 potuit
741 542 856 591 primo
884 543 1053 579 occultius
1080 543 1115 578 in
1141 544 1292 592 potione,
1324 544 1360 578 in
1391 543 1483 589 cibo,

151 603 281 639 deinde
311 603 418 639 etiam
448 603 628 652 impunius
655 604 702 649 fit,
723 604 819 653 quod
841 617 952 653 quum
981 609 1032 641 est
1057 604 1202 649 factum,
1222 605 1344 654 negari
1363 610 1486 654 potest.

151 666 187 701 Si
209 666 234 682 ¹⁰
246 665 364 714 palam
380 670 414 702 te
428 666 671 712 interemisset,
691 667 852 703 omnium
872 667 906 702 in
927 680 963 703 se
983 667 1147 716 gentium
1171 680 1241 704 000
1261 668 1374 704 solum
1396 668 1487 713 odia,

149 728 213 764 sed
233 729 339 764 etiam
361 742 462 764 arma
482 729 725 775 convertisset,
753 729 780 765 si
800 743 946 776 veneno,
969 730 1099 766 ¹¹Jovis
1126 730 1182 766 ille
1204 730 1352 780 quidem
1373 730 1487 779 hospi-

150 790 225 826 talis
255 803 391 827 numen
422 804 607 840 nunquam
639 791 749 828 celare
769 792 951 841 potuisset,
971 792 1134 828 homines
1161 792 1303 829 fortasse
1333 792 1487 829 celasset.

150 852 258 896 Quod
277 853 386 902 igitur
413 858 449 889 et
479 854 594 890 conari
622 854 802 899 occultius,
823 859 858 890 et
887 855 1023 891 efficere
1052 855 1188 891 cautius
1216 854 1337 903 potuit,
1356 855 1394 891 id
1408 854 1487 899 tibi,

150 919 186 951 et
204 915 345 952 medico
365 916 492 952 callido
520 921 557 952 et
583 929 692 961 servo,
712 921 752 952 ut
772 917 932 966 putabat,
952 917 1057 962 fideli,
1077 930 1148 953 non
1171 917 1343 953 credidit?
1373 917 1417 953 de
1437 930 1489 952 ar-

149 977 225 1023 mis,
245 978 290 1014 de
303 978 408 1023 ferro,
428 978 473 1015 de
501 979 632 1015 insidiis
654 978 679 995 ¹²
690 978 802 1015 celare
827 984 863 1015 te
888 979 1026 1015 noluit?
1083 983 1140 1015 19.
1169 980 1219 1015 Α1
1238 992 1349 1028 quam
1367 979 1487 1015 festive

149 1040 281 1077 cn'men
303 1041 520 1077 contexitur!
574 1042 650 1077 Tua
668 1046 714 1087 te,
737 1042 897 1092 ¹³inquit,
918 1043 1056 1088 eadem,
1082 1055 1162 1092 quae
1182 1055 1330 1092 semper,
1349 1042 1488 1079 fortuna

148 1103 318 1140 servaw't:
346 1103 520 1153 negaxdsti
540 1108 620 1140 tum
641 1109 676 1141 te
696 1105 867 1154 inspicere
887 1105 986 1141 velle.

228 1165 310 1202 VH.
365 1166 463 1209 Quid
491 1167 637 1215 postea?
665 1180 710 1203 an
738 1167 936 1213 Deiotarus
958 1168 1014 1203 ¹re
1041 1167 1100 1203 illo
1128 1171 1286 1216 tempore
1315 1180 1385 1204 000
1412 1179 1488 1216 per-

148 1226 248 1273 fecta,
269 1228 436 1264 continuo
457 1228 589 1264 dimisit
616 1229 840 1266 exercitum?
868 1229 984 1265 nullus
1013 1234 1088 1265 erat
1116 1229 1201 1265 alius
1225 1229 1412 1265 insidiandi
1441 1229 1488 1266 lo-

149 1290 233 1326 cus?
286 1290 338 1325 At
356 1290 483 1326 eodem
503 1295 547 1336 tc,
569 1304 682 1340 quum
703 1292 919 1337 cceuavisses,
938 1292 1133 1328 rediturum
1155 1292 1310 1328 dixeras:
1339 1291 1351 1308 ²
1364 1292 1486 1341 itaque

148 1351 267 1388 fecisti.
321 1352 462 1388 Horam
482 1365 591 1389 unam
612 1358 673 1389 aut
701 1354 790 1390 duas
818 1354 946 1390 eodem
974 1353 1051 1390 loco
1079 1358 1242 1399 armatos
1271 1359 1312 1390 ut
1331 1354 1487 1391 collocati

148 1414 294 1461 fuerant,
314 1415 462 1451 retinere
491 1415 689 1465 ³magnum
718 1416 808 1452 fuit?
862 1416 986 1459 Quum
1019 1416 1055 1451 in
1086 1416 1243 1452 convivio
1277 1417 1425 1453 comiter
1452 1421 1487 1453 et

143 1476 303 1525 jucunde
322 1478 452 1522 fuisses,
472 1482 559 1513 tum.
571 1478 652 1514 illuc
666 1478 730 1523 isti,
751 1483 791 1514 ut
806 1479 954 1515 dixeras.
1001 1478 1012 1495 ‘³
1025 1478 1107 1521 Quo
1126 1478 1162 1514 in
1182 1478 1258 1515 loco
1278 1479 1487 1515 Deiotarum

148 1539 256 1575 talem
285 1552 369 1589 erga
389 1544 423 1576 te
444 1541 646 1589 cognovisti,
667 1541 780 1590 qumis
800 1554 861 1577 rex
888 1541 1031 1577 Attalus
1050 1541 1086 1577 in
1106 1541 1147 1577 P.
1167 1540 1378 1577 Africanum
1398 1541 1486 1578 fuit:

149 1602 202 1638 cui
221 1603 567 1651 magnificentissima
587 1603 690 1648 dona,
706 1608 744 1639 ut
763 1603 936 1653 scriptum
950 1603 1115 1653 legimus,
1136 1616 1249 1653 usque
1264 1603 1311 1640 ad
1326 1603 1362 1638 N
1364 1616 1488 1639 uman-

148 1664 235 1700 tiam
265 1665 361 1700 misit
389 1678 431 1701 ex
460 1665 566 1711 Asia;
595 1678 676 1714 quse
697 1665 895 1711 Africanus,
914 1666 1131 1715 inspectante
1159 1665 1322 1711 exercitu,
1342 1665 1486 1714 accepit.

149 1726 255 1769 Quod
277 1740 390 1776 quum
412 1727 586 1776 ⁵praesens
607 1728 796 1764 Deiotarus
815 1727 915 1777 regio
946 1732 982 1764 et
1001 1727 1121 1764 animo
1149 1731 1186 1763 et
1214 1740 1313 1763 more
1340 1727 1486 1773 fecisset,

148 1792 188 1824 tu
217 1788 253 1824 in
281 1789 486 1825 cubiculum
516 1789 710 1825 discessisti.
780 1793 837 1825 20.
867 1789 1032 1834 Obsecro,
1061 1789 1189 1835 Caesar,
1224 1789 1363 1839 ⁶repcte
1396 1789 1487 1826 illius

150 1852 316 1901 temporis
344 1852 566 1897 memoriam,
586 1865 677 1902 pone
709 1852 811 1888 illum
843 1857 925 1888 ante
956 1852 1075 1889 oculos
1104 1852 1210 1898 diem,
1230 1852 1346 1888 vultus
1374 1852 1483 1888 homi-

148 1927 236 1949 num
257 1918 292 1950 te
310 1914 526 1950 intuentium
548 1919 656 1964 atque
677 1915 927 1951 admirantium
951 1915 1145 1951 recordare.
1199 1914 1299 1951 Num
1320 1928 1400 1964 quae
1421 1920 1488 1952 tre-

148 1977 305 2026 pidatio?
334 1990 422 2013 num
442 1977 503 2027 qui
522 1977 718 2014 tumultus?
746 1990 834 2013 num
854 1977 940 2026 quid
962 1977 1024 2013 nisi
1054 1977 1245 2023 moderate,
1266 1978 1329 2014 nisi
1358 1978 1486 2028 quiete,

149 2040 213 2075 nisi
241 2053 285 2076 ex
303 2040 455 2076 hominis
483 2040 681 2089 gravissimi
709 2045 744 2077 et
770 2040 976 2076 sanctissimi
1002 2040 1206 2090 disciplina?
1261 2040 1356 2084 Quid
1380 2041 1487 2091 igitur

150 2115 265 2138 causae
292 2103 480 2152 excogitari
501 2107 625 2152 potest,
646 2103 730 2139 ⁷cur
752 2107 787 2139 te
812 2103 924 2139 lotum
944 2103 1100 2149 voluerit,
1129 2107 1308 2139 coenatum
1338 2103 1487 2140 noluerit

150 2164 333 2202 occidere?
390 2169 447 2201 21.
475 2165 515 2201 In
546 2170 734 2215 posterum,
765 2165 907 2215 ⁸inquit,
941 2165 1037 2202 diem
1070 2165 1212 2211 distulit,
1241 2170 1280 2202 ut
1311 2178 1421 2215 quum
1450 2166 1486 2202 in

151 2227 332 2263 castellum
345 2227 516 2264 Luceium
531 2233 677 2264 ventum
697 2233 796 2273 esset,
810 2228 858 2264 ibi
880 2228 1033 2277 cogitata
1052 2228 1242 2277 perficeret.
1280 2226 1364 2265 Non
1384 2229 1486 2265 video

151 2302 295 2325 causam
315 2290 478 2327 mutandi
498 2290 584 2337 loci3
612 2291 674 2327 sed
694 2295 814 2326 tamen
835 2291 936 2326 ⁹acta
959 2303 1013 2327 res
1033 2290 1216 2327 criminose
1237 2294 1298 2326 est.
1352 2290 1485 2338 Quum,

150 2351 272 2401 inquit,
294 2353 472 2389 ¹⁰vomere
491 2357 571 2403 post
597 2366 735 2390 coenam
766 2358 800 2389 te
828 2352 916 2389 velle
944 2353 1098 2399 dixisses,
1117 2353 1154 2389 in
1172 2352 1341 2390 balneum
1368 2357 1403 2390 te
1423 2353 1486 2389 du-
