1571 2651
475 84 613 109 ORATIO
641 84 715 109 PRO
743 84 773 108 r.
802 83 925 108 ANNIO
955 84 1109 108 MILONE.
1389 76 1461 110 115

121 187 270 234 vidisset,
290 199 390 237 posse
411 186 544 224 absolvi
564 199 659 232 eum,
675 186 734 236 qui
754 186 932 232 fateretur,
949 198 1061 236 quum
1082 185 1216 222 videret
1236 186 1334 223 ¹⁰nos
1354 186 1463 232 fateri,

120 262 236 299 neque
255 248 367 299 quaeri
385 261 546 299 unquam
574 247 742 298 jussisset,
762 260 830 284 nec
850 248 950 284 vobis
971 248 994 264 ¹¹
1009 252 1085 283 tam
1103 247 1197 283 hanc
1216 247 1408 284 salutarem
1428 249 1462 283 in

116 311 310 362 judicando
337 311 486 357 literam,
517 323 630 360 quam
657 310 756 347 illam
784 311 931 356 tristem,
960 310 1126 347 dedisset.
1180 309 1269 346 Mihi
1297 323 1380 346 vero
1400 310 1463 346 Cn.

118 373 313 423 Pompeius
331 386 403 411 non
430 374 540 410 modo
566 373 654 409 nihil
681 373 822 423 gravius
847 378 968 410 contra
987 372 1159 410 Milonem
1184 372 1372 422 judicasse,
1401 373 1462 409 sed

118 437 228 487 etiarn
245 436 409 473 statuisse
428 436 578 482 videtur,
600 435 625 453 ¹²
637 436 727 486 quid
746 449 807 472 vos
825 435 862 472 in
885 436 1082 485 judicando
1100 440 1258 485 spectare
1278 440 1464 486 oporteret.

118 497 218 535 Nam
238 499 301 549 qui
320 512 393 536 non
412 511 557 548 poenam
576 498 792 544 confessioni,
807 498 871 535 sed
891 498 1132 535 defensionem
1146 498 1257 544 dedit,
1271 498 1299 535 is
1320 511 1463 535 causan]

117 561 278 598 interitus
308 562 554 612 quaerendam,
574 575 646 599 non
676 562 860 598 interitum
889 561 1036 611 putavit.
1094 565 1152 598 16.
1178 561 1264 598 Jam
1282 561 1371 598 illud
1391 562 1463 611 ipse

119 624 215 661 dicet
232 625 397 674 profecto,
419 625 444 642 ¹³
456 625 558 675 quod
576 638 641 661 sua
653 629 777 674 sponte
792 624 883 670 fecit,
898 624 1073 661 Publione
1087 623 1212 660 Clodjo
1231 623 1462 661 tribuendum

117 687 258 736 putarit,
278 701 323 724 an
342 688 504 738 tempori.

197 750 279 787 VII.
331 750 441 787 Domi
470 763 543 787 suae
565 750 804 788 nobilissimus
824 750 885 796 vir,
904 754 1048 786 senatus
1067 754 1322 800 propugnator,
1344 755 1464 800 atque,

116 813 183 849 illis
210 813 359 863 quidem
389 813 619 863 tempofibus,
647 826 751 863 paene
781 817 963 862 patronus,
983 813 1180 849 avunculus
1207 813 1311 863 hujus
1336 814 1464 863 judicis

116 876 235 922 nostri,
254 876 433 913 fortissimi
452 876 523 922 viri,
543 876 593 913 M.
606 876 759 922 Catonis,
777 876 785 892 ¹
797 876 960 912 tribunus
979 875 1091 926 plebis
1110 875 1159 912 M.
1175 875 1311 912 Drusus
1330 877 1464 913 occisus

117 943 178 975 est.
233 938 244 955 ²
258 938 358 975 Nihil
377 939 423 976 de
443 939 516 987 ejus
535 943 649 976 morte
664 938 815 988 populus
835 938 1028 985 consultus,
1043 938 1140 974 nulla
1155 938 1306 989 quaestio
1320 939 1464 977 decreta

116 1015 138 1038 a
164 1006 290 1038 senatu
318 1006 380 1038 est.
451 1001 464 1018 ⁸
478 1001 665 1045 Quantum
692 1001 829 1037 luctum
857 1001 892 1037 in
920 1001 988 1038 hac
1020 1001 1110 1038 urbe
1143 1002 1258 1048 fuisse,
1288 1016 1309 1039 a
1335 1003 1464 1039 nostris

115 1064 277 1114 patribus
307 1064 520 1114 accepimus,
552 1077 665 1114 quum
694 1064 736 1101 P.
755 1064 933 1110 Africano,
954 1064 1052 1100 domi
1080 1077 1153 1101 suze
1184 1065 1386 1115 quiescenti,
1406 1066 1464 1103 illa

116 1132 289 1163 nocturna
318 1127 368 1163 wis
396 1132 487 1164 esset
515 1127 638 1164 illata?
666 1127 745 1176 quis
776 1131 855 1162 tum
886 1139 956 1163 non
983 1127 1149 1176 gemuit?
1179 1128 1257 1177 quis
1284 1141 1355 1165 non
1383 1129 1464 1165 arsit

115 1189 250 1236 dolore,
271 1202 383 1239 quem
403 1189 654 1235 immortalem,
675 1189 701 1225 si
717 1189 790 1225 fieri
807 1194 934 1239 posset,
949 1202 1073 1226 omnes
1094 1202 1168 1226 esse
1189 1195 1369 1239 cuperent,
1390 1191 1463 1241 ejus

115 1264 160 1289 ne
176 1252 411 1289 necessariam
441 1252 591 1302 quidem
623 1257 868 1302 exspectatam
899 1265 974 1289 esse
1002 1253 1180 1289 mortem?
1234 1252 1335 1289 Num
1354 1253 1464 1304 igitur

115 1315 189 1351 ulla
207 1315 358 1365 quaestio
377 1315 423 1352 de
443 1315 603 1352 Africani
623 1320 737 1352 morte
757 1315 829 1351 lata
849 1316 925 1352 est?
980 1315 1085 1352 Certe
1116 1315 1222 1352 nulla.
1279 1316 1336 1352 17.
1365 1317 1464 1360 Quid

114 1378 189 1415 ita?
243 1377 255 1395 ⁴
269 1377 365 1421 Quia
383 1391 455 1415 11011
475 1378 542 1415 alio
560 1378 714 1415 facinore
735 1378 818 1415 clari
836 1378 1009 1424 homines,
1030 1378 1098 1415 alio
1117 1378 1260 1415 obscuri
1279 1384 1463 1416 necantur.

116 1441 279 1478 ‘'Intelsit
296 1442 390 1478 inter
409 1441 491 1477 vitae
507 1441 720 1490 dignitatem
739 1454 965 1477 summorum
986 1446 1096 1491 atque
1116 1441 1341 1489 infimoru1n3
1369 1455 1464 1479 mors

115 1504 266 1554 quidem
292 1504 389 1541 illata
421 1517 484 1554 per
514 1503 627 1541 scelus
660 1504 786 1540 iisdem
827 1508 862 1540 et
894 1504 1007 1553 poenis
1040 1508 1204 1541 teneatur
1241 1509 1277 1541 et
1313 1505 1463 1555 legibus,

115 1567 175 1604 ⁶N
178 1567 217 1604 isi
231 1567 318 1605 forte
338 1567 455 1617 magis
475 1567 540 1604 erit
559 1567 746 1617 parricida,
765 1567 794 1603 si
814 1567 876 1616 qui
898 1567 1118 1604 consularem
1138 1572 1289 1617 patrem,
1305 1581 1415 1618 quam
1435 1569 1462 1606 si

116 1630 194 1680 quis
214 1630 390 1667 humilem
409 1630 596 1676 necaverit,
617 1634 680 1666 aut
709 1643 752 1666 eo
782 1643 877 1666 mors
908 1630 1055 1667 atrocior
1074 1630 1140 1667 erit
1158 1630 1200 1667 P.
1220 1630 1345 1678 Clodii,
1365 1632 1463 1681 quod

114 1693 144 1730 is
164 1693 223 1730 ⁷in
241 1693 483 1730 monumentis
503 1692 680 1742 majorum
699 1705 848 1729 suorum
868 1693 912 1729 sit
931 1692 1144 1730 interfectus.
1198 1693 1282 1731 Hoc
1300 1694 1396 1731 enim
1417 1695 1462 1732 ab

114 1756 188 1793 istis
212 1769 308 1806 saepe
339 1755 492 1802 dicitur-3
520 1755 668 1805 proinde
698 1755 799 1805 quasi
827 1755 967 1805 Appius
994 1756 1050 1792 ille
1078 1756 1204 1793 Caecus
1233 1757 1328 1794 viam
1348 1759 1464 1795 muni-

117 1819 217 1866 verit,
236 1831 308 1856 non
328 1831 400 1869 qua
418 1818 569 1868 populus
599 1822 766 1864 uteretur,
786 1819 849 1855 sed
879 1818 940 1855 ubi
961 1818 1108 1868 impune
1139 1820 1191 1855 sui
1211 1821 1340 1870 posteri
1360 1821 1464 1859 latro-

116 1882 326 1920 cinai-entur.
383 1885 441 1918 18.
469 1881 597 1931 Itaque
616 1881 652 1917 in
681 1881 812 1918 eadem
839 1881 906 1918 ista
925 1882 1046 1932 Appia
1065 1882 1131 1928 w'a,
1151 1895 1264 1932 quum
1292 1884 1464 1921 ornatissi-

115 1958 219 1982 mum
238 1944 395 1994 equitem
425 1944 631 1981 Romanum
651 1945 693 1982 P.
714 1944 861 1982 Clodius
882 1944 952 1982 8Μ.
972 1945 1158 1995 Papirium
1178 1947 1371 1994 occidisset,
1392 1961 1462 1985 non

115 2008 181 2045 fuit
199 2007 287 2044 illud
313 2007 448 2045 facinus
476 2008 723 2058 puniendum3
751 2008 862 2045 homo
890 2009 987 2045 enim
1016 2009 1141 2046 nobilis
1170 2009 1206 2045 in
1237 2010 1307 2046 suis
1336 2023 1463 2047 monu-

116 2070 247 2108 mentis
267 2070 424 2120 equitem
437 2070 645 2108 Romanum
665 2071 864 2118 occiderat,
892 2084 988 2107 nune
1008 2071 1166 2121 ejusdcm
1182 2072 1312 2122 Appiae
1332 2085 1462 2109 nomen

116 2138 267 2185 quantas
295 2133 486 2183 tragoedias
514 2134 665 2171 excitat!
720 2134 836 2178 ”Quae
863 2139 1047 2172 cruentata
1074 2140 1180 2171 antea
1208 2135 1305 2172 caede
1326 2135 1461 2173 honesti

117 2201 225 2247 atque
257 2196 452 2234 innocentis
484 2197 545 2233 viri
582 2197 762 2245 silebatur,
801 2199 931 2235 eadem
968 2211 1064 2234 nunc
1102 2198 1224 2235 crebro
1262 2204 1462 2249 usurpatur,

117 2263 349 2309 posteaquam
378 2259 520 2296 latronis
540 2264 575 2296 et
594 2260 779 2310 parricidae
800 2261 973 2310 sanguine
1001 2261 1145 2297 imbuta
1164 2265 1227 2297 est.
1281 2261 1353 2298 Sed
1373 2262 1462 2312 quid

115 2335 184 2372 ego
215 2322 287 2360 illa.
307 2323 575 2360 commemoro?
629 2323 919 2375 Comprehensus
951 2328 1004 2361 est
1040 2323 1111 2360 ¹⁰in
1138 2324 1276 2374 templo
1309 2314 1462 2363 Castoris
