<?xml version="1.0" encoding="UTF-8"?>
<!DOCTYPE html PUBLIC "-//W3C//DTD XHTML 1.0 Transitional//EN"
    "http://www.w3.org/TR/xhtml1/DTD/xhtml1-transitional.dtd">
<html xmlns="http://www.w3.org/1999/xhtml" xml:lang="en" lang="en">
 <head>
  <title>
</title>
<meta http-equiv="Content-Type" content="text/html;charset=utf-8" />
  <meta name='ocr-system' content='tesseract 3.04.00' />
  <meta name='ocr-capabilities' content='ocr_page ocr_carea ocr_par ocr_line ocrx_word'/>
</head>
<body>
  <div class='ocr_page' id='page_1' title='image "./selectorations00ciceuoft_0118.png"; bbox 0 0 1571 2651; ppageno 0'>
   <div class='ocr_carea' id='block_1_1' title="bbox 113 142 1054 176">
    <p class='ocr_par' dir='ltr' id='par_1_1' title="bbox 113 142 1054 176">
     <span class='ocr_line' id='line_1_1' title="bbox 113 142 1054 176; baseline 0 0"><span class='ocrx_word' id='word_1_1' title='bbox 113 142 163 176; x_wconf 84' lang='grc'>98</span> <span class='ocrx_word' id='word_1_2' title='bbox 497 151 632 176; x_wconf 68' lang='lat' dir='ltr'>omno</span> <span class='ocrx_word' id='word_1_3' title='bbox 661 151 732 175; x_wconf 73' lang='lat' dir='ltr'>pao</span> <span class='ocrx_word' id='word_1_4' title='bbox 761 151 855 175; x_wconf 78' lang='lat' dir='ltr'><strong>LEGE</strong></span> <span class='ocrx_word' id='word_1_5' title='bbox 883 150 1054 176; x_wconf 75' lang='lat' dir='ltr'>MANILIA.</span> 
     </span>
    </p>
   </div>
   <div class='ocr_carea' id='block_1_2' title="bbox 113 243 1446 2410">
    <p class='ocr_par' dir='ltr' id='par_1_2' title="bbox 113 243 1446 2410">
     <span class='ocr_line' id='line_1_2' title="bbox 113 243 1440 301; baseline 0 -14"><span class='ocrx_word' id='word_1_6' title='bbox 113 252 294 289; x_wconf 71' lang='lat' dir='ltr'>miserint?</span> <span class='ocrx_word' id='word_1_7' title='bbox 347 252 441 295; x_wconf 67' lang='lat' dir='ltr'>*Qui</span> <span class='ocrx_word' id='word_1_8' title='bbox 469 253 515 289; x_wconf 85' lang='lat' dir='ltr'>ad</span> <span class='ocrx_word' id='word_1_9' title='bbox 543 243 603 289; x_wconf 73' lang='lat' dir='ltr'>vos</span> <span class='ocrx_word' id='word_1_10' title='bbox 641 253 686 289; x_wconf 85' lang='lat' dir='ltr'>ab</span> <span class='ocrx_word' id='word_1_11' title='bbox 719 252 844 289; x_wconf 77' lang='lat' dir='ltr'>exteris</span> <span class='ocrx_word' id='word_1_12' title='bbox 875 253 1076 289; x_wconf 79' lang='lat' dir='ltr'>nationibus</span> <span class='ocrx_word' id='word_1_13' title='bbox 1113 252 1282 296; x_wconf 75' lang='lat' dir='ltr'>venirent,</span> <span class='ocrx_word' id='word_1_14' title='bbox 1321 256 1440 301; x_wconf 70' lang='lat' dir='ltr'>captos</span> 
     </span>
     <span class='ocr_line' id='line_1_3' title="bbox 114 314 1440 364; baseline 0 -15"><span class='ocrx_word' id='word_1_15' title='bbox 114 326 252 362; x_wconf 82' lang='lat' dir='ltr'>querar,</span> <span class='ocrx_word' id='word_1_16' title='bbox 278 327 390 363; x_wconf 88' lang='lat' dir='ltr'>quum</span> <span class='ocrx_word' id='word_1_17' title='bbox 419 315 526 363; x_wconf 69' lang='lat' dir='ltr'>legati</span> <span class='ocrx_word' id='word_1_18' title='bbox 554 314 675 363; x_wconf 89' lang='lat' dir='ltr'>populi</span> <span class='ocrx_word' id='word_1_19' title='bbox 704 314 857 351; x_wconf 85' lang='lat' dir='ltr'>Romani</span> <span class='ocrx_word' id='word_1_20' title='bbox 886 315 1063 364; x_wconf 82' lang='lat' dir='ltr'>redempti</span> <span class='ocrx_word' id='word_1_21' title='bbox 1094 314 1186 351; x_wconf 67' lang='lat' dir='ltr'>sint?</span> <span class='ocrx_word' id='word_1_22' title='bbox 1239 314 1440 350; x_wconf 80' lang='lat' dir='ltr'>Mercatori-</span> 
     </span>
     <span class='ocr_line' id='line_1_4' title="bbox 114 375 1441 425; baseline 0 -15"><span class='ocrx_word' id='word_1_23' title='bbox 114 375 180 411; x_wconf 87' lang='lat' dir='ltr'>bus</span> <span class='ocrx_word' id='word_1_24' title='bbox 198 380 320 410; x_wconf 82' lang='lat' dir='ltr'>tutum</span> <span class='ocrx_word' id='word_1_25' title='bbox 349 388 447 411; x_wconf 86' lang='lat' dir='ltr'>mare</span> <span class='ocrx_word' id='word_1_26' title='bbox 475 388 544 411; x_wconf 87' lang='lat' dir='ltr'>non</span> <span class='ocrx_word' id='word_1_27' title='bbox 571 375 677 411; x_wconf 84' lang='lat' dir='ltr'>fuisse</span> <span class='ocrx_word' id='word_1_28' title='bbox 705 376 834 421; x_wconf 84' lang='lat' dir='ltr'>dicam,</span> <span class='ocrx_word' id='word_1_29' title='bbox 855 389 967 425; x_wconf 88' lang='lat' dir='ltr'>quum</span> <span class='ocrx_word' id='word_1_30' title='bbox 999 376 1212 412; x_wconf 78' lang='lat' dir='ltr'>“duodeeim</span> <span class='ocrx_word' id='word_1_31' title='bbox 1240 388 1377 411; x_wconf 83' lang='lat' dir='ltr'>secures</span> <span class='ocrx_word' id='word_1_32' title='bbox 1404 375 1441 410; x_wconf 90' lang='lat' dir='ltr'>in</span> 
     </span>
     <span class='ocr_line' id='line_1_5' title="bbox 113 437 1442 486; baseline 0.001 -15"><span class='ocrx_word' id='word_1_33' title='bbox 113 437 321 485; x_wconf 76' lang='lat' dir='ltr'>praeclonum</span> <span class='ocrx_word' id='word_1_34' title='bbox 349 441 560 486; x_wconf 78' lang='lat' dir='ltr'>potestatem</span> <span class='ocrx_word' id='word_1_35' title='bbox 580 437 827 485; x_wconf 65' lang='lat' dir='ltr'>pervenerint?</span> <span class='ocrx_word' id='word_1_36' title='bbox 882 442 940 474; x_wconf 86' lang='lat'>33.</span> <span class='ocrx_word' id='word_1_37' title='bbox 969 438 1151 474; x_wconf 75' lang='lat' dir='ltr'>⁶Cnidum</span> <span class='ocrx_word' id='word_1_38' title='bbox 1179 442 1242 473; x_wconf 83' lang='lat' dir='ltr'>aut</span> <span class='ocrx_word' id='word_1_39' title='bbox 1269 437 1442 486; x_wconf 84' lang='lat' dir='ltr'>Colopho—</span> 
     </span>
     <span class='ocr_line' id='line_1_6' title="bbox 113 498 1440 548; baseline 0 -15"><span class='ocrx_word' id='word_1_40' title='bbox 113 510 197 534; x_wconf 88' lang='lat' dir='ltr'>nem</span> <span class='ocrx_word' id='word_1_41' title='bbox 216 502 276 534; x_wconf 84' lang='lat' dir='ltr'>aut</span> <span class='ocrx_word' id='word_1_42' title='bbox 295 498 457 543; x_wconf 85' lang='lat' dir='ltr'>Samum,</span> <span class='ocrx_word' id='word_1_43' title='bbox 470 498 704 534; x_wconf 84' lang='lat' dir='ltr'>nobilissimas</span> <span class='ocrx_word' id='word_1_44' title='bbox 718 498 833 545; x_wconf 76' lang='lat' dir='ltr'>urbes,</span> <span class='ocrx_word' id='word_1_45' title='bbox 851 498 1199 548; x_wconf 73' lang='lat' dir='ltr'>innumerabilesque</span> <span class='ocrx_word' id='word_1_46' title='bbox 1219 499 1303 534; x_wconf 86' lang='lat' dir='ltr'>alias</span> <span class='ocrx_word' id='word_1_47' title='bbox 1322 503 1440 547; x_wconf 82' lang='lat' dir='ltr'>captas</span> 
     </span>
     <span class='ocr_line' id='line_1_7' title="bbox 113 559 1442 609; baseline -0.001 -14"><span class='ocrx_word' id='word_1_48' title='bbox 113 571 186 595; x_wconf 84' lang='lat' dir='ltr'>esse</span> <span class='ocrx_word' id='word_1_49' title='bbox 216 572 508 605; x_wconf 76' lang='lat' dir='ltr'>commemorem,</span> <span class='ocrx_word' id='word_1_50' title='bbox 536 572 650 609; x_wconf 84' lang='lat' dir='ltr'>quum</span> <span class='ocrx_word' id='word_1_51' title='bbox 678 565 808 596; x_wconf 78' lang='lat' dir='ltr'>vestros</span> <span class='ocrx_word' id='word_1_52' title='bbox 834 564 966 609; x_wconf 79' lang='lat' dir='ltr'>portus,</span> <span class='ocrx_word' id='word_1_53' title='bbox 994 565 1102 609; x_wconf 84' lang='lat' dir='ltr'>atque</span> <span class='ocrx_word' id='word_1_54' title='bbox 1127 572 1185 596; x_wconf 81' lang='lat' dir='ltr'>eos</span> <span class='ocrx_word' id='word_1_55' title='bbox 1208 564 1340 609; x_wconf 82' lang='lat' dir='ltr'>portus,</span> <span class='ocrx_word' id='word_1_56' title='bbox 1368 559 1442 608; x_wconf 87' lang='lat' dir='ltr'>qui-</span> 
     </span>
     <span class='ocr_line' id='line_1_8' title="bbox 114 620 1442 671; baseline 0 -15"><span class='ocrx_word' id='word_1_57' title='bbox 114 620 179 657; x_wconf 87' lang='lat' dir='ltr'>bus</span> <span class='ocrx_word' id='word_1_58' title='bbox 198 621 306 657; x_wconf 65' lang='lat' dir='ltr'>xitam</span> <span class='ocrx_word' id='word_1_59' title='bbox 328 626 364 657; x_wconf 86' lang='lat' dir='ltr'>et</span> <span class='ocrx_word' id='word_1_60' title='bbox 381 621 542 670; x_wconf 84' lang='lat' dir='ltr'>spiritum</span> <span class='ocrx_word' id='word_1_61' title='bbox 563 621 698 667; x_wconf 85' lang='lat' dir='ltr'>ducitis,</span> <span class='ocrx_word' id='word_1_62' title='bbox 712 622 748 657; x_wconf 89' lang='lat' dir='ltr'>in</span> <span class='ocrx_word' id='word_1_63' title='bbox 767 622 978 671; x_wconf 70' lang='lat' dir='ltr'>przedonum</span> <span class='ocrx_word' id='word_1_64' title='bbox 996 621 1100 658; x_wconf 79' lang='lat' dir='ltr'>fnisse</span> <span class='ocrx_word' id='word_1_65' title='bbox 1119 626 1289 671; x_wconf 81' lang='lat' dir='ltr'>potestate</span> <span class='ocrx_word' id='word_1_66' title='bbox 1303 621 1442 657; x_wconf 60' lang='lat' dir='ltr'>sciatis?</span> 
     </span>
     <span class='ocr_line' id='line_1_9' title="bbox 115 683 1441 734; baseline -0.001 -14"><span class='ocrx_word' id='word_1_67' title='bbox 115 683 174 720; x_wconf 90' lang='lat' dir='ltr'>An</span> <span class='ocrx_word' id='word_1_68' title='bbox 193 696 275 720; x_wconf 77' lang='lat' dir='ltr'>vero</span> <span class='ocrx_word' id='word_1_69' title='bbox 293 683 471 733; x_wconf 79' lang='lat' dir='ltr'>ignoratis,</span> <span class='ocrx_word' id='word_1_70' title='bbox 485 688 628 733; x_wconf 83' lang='lat' dir='ltr'>portum</span> <span class='ocrx_word' id='word_1_71' title='bbox 643 683 775 720; x_wconf 74' lang='lat' dir='ltr'>Caietae</span> <span class='ocrx_word' id='word_1_72' title='bbox 791 684 1061 721; x_wconf 86' lang='lat' dir='ltr'>celeberrimum</span> <span class='ocrx_word' id='word_1_73' title='bbox 1077 689 1182 734; x_wconf 82' lang='lat' dir='ltr'>atque</span> <span class='ocrx_word' id='word_1_74' title='bbox 1197 684 1441 734; x_wconf 84' lang='lat' dir='ltr'>plenissimum</span> 
     </span>
     <span class='ocr_line' id='line_1_10' title="bbox 114 745 1442 796; baseline 0.002 -16"><span class='ocrx_word' id='word_1_75' title='bbox 114 745 268 791; x_wconf 75' lang='lat' dir='ltr'>navium,</span> <span class='ocrx_word' id='word_1_76' title='bbox 288 746 528 795; x_wconf 81' lang='lat' dir='ltr'>⁷inspeetante</span> <span class='ocrx_word' id='word_1_77' title='bbox 555 750 714 795; x_wconf 80' lang='lat' dir='ltr'>praetore,</span> <span class='ocrx_word' id='word_1_78' title='bbox 734 759 755 782; x_wconf 86' lang='lat' dir='ltr'>a</span> <span class='ocrx_word' id='word_1_79' title='bbox 781 747 1012 796; x_wconf 73' lang='lat' dir='ltr'>przedonibus</span> <span class='ocrx_word' id='word_1_80' title='bbox 1040 760 1113 783; x_wconf 80' lang='lat' dir='ltr'>csse</span> <span class='ocrx_word' id='word_1_81' title='bbox 1143 747 1347 796; x_wconf 67' lang='lat' dir='ltr'>direptum?</span> <span class='ocrx_word' id='word_1_82' title='bbox 1376 745 1442 782; x_wconf 76' lang='lat' dir='ltr'>⁵ex</span> 
     </span>
     <span class='ocr_line' id='line_1_11' title="bbox 115 808 1442 858; baseline 0.001 -15"><span class='ocrx_word' id='word_1_83' title='bbox 115 808 250 844; x_wconf 71' lang='lat' dir='ltr'>Miseno</span> <span class='ocrx_word' id='word_1_84' title='bbox 278 813 407 853; x_wconf 84' lang='lat' dir='ltr'>autem,</span> <span class='ocrx_word' id='word_1_85' title='bbox 428 808 501 857; x_wconf 77' lang='lat' dir='ltr'>ejus</span> <span class='ocrx_word' id='word_1_86' title='bbox 527 809 634 858; x_wconf 84' lang='lat' dir='ltr'>ipsius</span> <span class='ocrx_word' id='word_1_87' title='bbox 661 808 796 851; x_wconf 79' lang='lat' dir='ltr'>liberos,</span> <span class='ocrx_word' id='word_1_88' title='bbox 816 809 878 858; x_wconf 86' lang='lat' dir='ltr'>qui</span> <span class='ocrx_word' id='word_1_89' title='bbox 906 821 989 845; x_wconf 87' lang='lat' dir='ltr'>eum</span> <span class='ocrx_word' id='word_1_90' title='bbox 1011 809 1237 858; x_wconf 69' lang='lat' dir='ltr'>praedonibus</span> <span class='ocrx_word' id='word_1_91' title='bbox 1261 813 1365 845; x_wconf 87' lang='lat' dir='ltr'>antea</span> <span class='ocrx_word' id='word_1_92' title='bbox 1393 808 1442 845; x_wconf 86' lang='lat' dir='ltr'>ibi</span> 
     </span>
     <span class='ocr_line' id='line_1_12' title="bbox 114 870 1443 920; baseline 0.002 -15"><span class='ocrx_word' id='word_1_93' title='bbox 114 870 249 906; x_wconf 83' lang='lat' dir='ltr'>bellum</span> <span class='ocrx_word' id='word_1_94' title='bbox 276 876 442 919; x_wconf 72' lang='lat' dir='ltr'>gesserat,</span> <span class='ocrx_word' id='word_1_95' title='bbox 471 884 491 906; x_wconf 82' lang='lat' dir='ltr'>a</span> <span class='ocrx_word' id='word_1_96' title='bbox 523 871 750 920; x_wconf 72' lang='lat' dir='ltr'>przedonibus</span> <span class='ocrx_word' id='word_1_97' title='bbox 778 884 852 908; x_wconf 78' lang='lat' dir='ltr'>esse</span> <span class='ocrx_word' id='word_1_98' title='bbox 883 871 1064 908; x_wconf 69' lang='lat' dir='ltr'>sublatos?</span> <span class='ocrx_word' id='word_1_99' title='bbox 1117 871 1213 906; x_wconf 82' lang='lat' dir='ltr'>Nam</span> <span class='ocrx_word' id='word_1_100' title='bbox 1251 871 1337 920; x_wconf 83' lang='lat' dir='ltr'>quid</span> <span class='ocrx_word' id='word_1_101' title='bbox 1374 883 1443 919; x_wconf 80' lang='lat' dir='ltr'>ego</span> 
     </span>
     <span class='ocr_line' id='line_1_13' title="bbox 116 932 1443 983; baseline 0 -15"><span class='ocrx_word' id='word_1_102' title='bbox 116 933 297 969; x_wconf 66' lang='lat' dir='ltr'>“ostien-se</span> <span class='ocrx_word' id='word_1_103' title='bbox 316 933 598 979; x_wconf 66' lang='lat' dir='ltr'>inconnnotlum,</span> <span class='ocrx_word' id='word_1_104' title='bbox 620 938 726 982; x_wconf 83' lang='lat' dir='ltr'>atque</span> <span class='ocrx_word' id='word_1_105' title='bbox 746 933 844 970; x_wconf 90' lang='lat' dir='ltr'>illam</span> <span class='ocrx_word' id='word_1_106' title='bbox 867 934 985 970; x_wconf 87' lang='lat' dir='ltr'>labem</span> <span class='ocrx_word' id='word_1_107' title='bbox 1015 938 1120 983; x_wconf 87' lang='lat' dir='ltr'>atque</span> <span class='ocrx_word' id='word_1_108' title='bbox 1140 933 1373 982; x_wconf 78' lang='lat' dir='ltr'>ignominiam</span> <span class='ocrx_word' id='word_1_109' title='bbox 1392 932 1443 969; x_wconf 86' lang='lat' dir='ltr'>rei</span> 
     </span>
     <span class='ocr_line' id='line_1_14' title="bbox 114 995 1443 1045; baseline 0.002 -16"><span class='ocrx_word' id='word_1_110' title='bbox 114 995 265 1045; x_wconf 78' lang='lat' dir='ltr'>publieae</span> <span class='ocrx_word' id='word_1_111' title='bbox 295 1007 432 1045; x_wconf 86' lang='lat' dir='ltr'>querar,</span> <span class='ocrx_word' id='word_1_112' title='bbox 452 1007 579 1044; x_wconf 85' lang='lat' dir='ltr'>quum,</span> <span class='ocrx_word' id='word_1_113' title='bbox 598 1008 707 1045; x_wconf 84' lang='lat' dir='ltr'>prope</span> <span class='ocrx_word' id='word_1_114' title='bbox 737 995 1013 1045; x_wconf 78' lang='lat' dir='ltr'>inspectantibus·</span> <span class='ocrx_word' id='word_1_115' title='bbox 1040 996 1147 1041; x_wconf 81' lang='lat' dir='ltr'>vobis,</span> <span class='ocrx_word' id='word_1_116' title='bbox 1171 995 1286 1032; x_wconf 54' lang='lat' dir='ltr'>classis</span> <span class='ocrx_word' id='word_1_117' title='bbox 1313 1007 1365 1040; x_wconf 89' lang='lat' dir='ltr'>ea,</span> <span class='ocrx_word' id='word_1_118' title='bbox 1386 995 1443 1032; x_wconf 86' lang='lat' dir='ltr'>cui</span> 
     </span>
     <span class='ocr_line' id='line_1_15' title="bbox 115 1057 1443 1107; baseline -0.001 -14"><span class='ocrx_word' id='word_1_119' title='bbox 115 1057 236 1094; x_wconf 76' lang='lat' dir='ltr'>consul</span> <span class='ocrx_word' id='word_1_120' title='bbox 254 1057 374 1106; x_wconf 85' lang='lat' dir='ltr'>populi</span> <span class='ocrx_word' id='word_1_121' title='bbox 395 1057 547 1093; x_wconf 82' lang='lat' dir='ltr'>Romani</span> <span class='ocrx_word' id='word_1_122' title='bbox 567 1058 773 1107; x_wconf 64' lang='lat' dir='ltr'>praepositus</span> <span class='ocrx_word' id='word_1_123' title='bbox 801 1062 898 1104; x_wconf 75' lang='lat' dir='ltr'>esset,</span> <span class='ocrx_word' id='word_1_124' title='bbox 918 1070 938 1093; x_wconf 85' lang='lat' dir='ltr'>a</span> <span class='ocrx_word' id='word_1_125' title='bbox 957 1057 1186 1107; x_wconf 73' lang='lat' dir='ltr'>praedonibus</span> <span class='ocrx_word' id='word_1_126' title='bbox 1215 1061 1318 1106; x_wconf 84' lang='lat' dir='ltr'>capta</span> <span class='ocrx_word' id='word_1_127' title='bbox 1336 1061 1443 1106; x_wconf 81' lang='lat' dir='ltr'>atque</span> 
     </span>
     <span class='ocr_line' id='line_1_16' title="bbox 115 1119 1444 1169; baseline -0.001 -14"><span class='ocrx_word' id='word_1_128' title='bbox 115 1132 279 1169; x_wconf 69' lang='lat' dir='ltr'>oppressa</span> <span class='ocrx_word' id='word_1_129' title='bbox 307 1120 383 1156; x_wconf 68' lang='lat' dir='ltr'>est?</span> <span class='ocrx_word' id='word_1_130' title='bbox 435 1120 508 1156; x_wconf 73' lang='lat' dir='ltr'>Pm</span> <span class='ocrx_word' id='word_1_131' title='bbox 527 1121 575 1157; x_wconf 88' lang='lat' dir='ltr'>dii</span> <span class='ocrx_word' id='word_1_132' title='bbox 593 1120 828 1157; x_wconf 82' lang='lat' dir='ltr'>immortales!</span> <span class='ocrx_word' id='word_1_133' title='bbox 855 1125 1039 1157; x_wconf 77' lang='lat' dir='ltr'>tantamne</span> <span class='ocrx_word' id='word_1_134' title='bbox 1059 1120 1196 1156; x_wconf 71' lang='lat' dir='ltr'>¹⁰unius</span> <span class='ocrx_word' id='word_1_135' title='bbox 1215 1119 1367 1156; x_wconf 87' lang='lat' dir='ltr'>hominis</span> <span class='ocrx_word' id='word_1_136' title='bbox 1393 1119 1444 1154; x_wconf 88' lang='lat' dir='ltr'>in-</span> 
     </span>
     <span class='ocr_line' id='line_1_17' title="bbox 116 1181 1444 1232; baseline -0.001 -14"><span class='ocrx_word' id='word_1_137' title='bbox 116 1182 289 1219; x_wconf 84' lang='lat' dir='ltr'>credibilis</span> <span class='ocrx_word' id='word_1_138' title='bbox 308 1195 349 1218; x_wconf 81' lang='lat' dir='ltr'>ae</span> <span class='ocrx_word' id='word_1_139' title='bbox 368 1182 486 1219; x_wconf 66' lang='lat' dir='ltr'>divina</span> <span class='ocrx_word' id='word_1_140' title='bbox 505 1183 613 1218; x_wconf 64' lang='lat' dir='ltr'>xirtus</span> <span class='ocrx_word' id='word_1_141' title='bbox 631 1187 706 1219; x_wconf 85' lang='lat' dir='ltr'>tam</span> <span class='ocrx_word' id='word_1_142' title='bbox 720 1183 815 1219; x_wconf 68' lang='lat' dir='ltr'>brexi</span> <span class='ocrx_word' id='word_1_143' title='bbox 835 1187 995 1232; x_wconf 88' lang='lat' dir='ltr'>tempore</span> <span class='ocrx_word' id='word_1_144' title='bbox 1009 1183 1128 1219; x_wconf 89' lang='lat' dir='ltr'>lucem</span> <span class='ocrx_word' id='word_1_145' title='bbox 1148 1182 1267 1218; x_wconf 84' lang='lat' dir='ltr'>afferre</span> <span class='ocrx_word' id='word_1_146' title='bbox 1287 1181 1335 1218; x_wconf 88' lang='lat' dir='ltr'>rei</span> <span class='ocrx_word' id='word_1_147' title='bbox 1355 1181 1444 1231; x_wconf 87' lang='lat' dir='ltr'>pub-</span> 
     </span>
     <span class='ocr_line' id='line_1_18' title="bbox 115 1244 1443 1295; baseline 0 -15"><span class='ocrx_word' id='word_1_148' title='bbox 115 1244 190 1281; x_wconf 76' lang='lat' dir='ltr'>licae</span> <span class='ocrx_word' id='word_1_149' title='bbox 219 1245 342 1294; x_wconf 81' lang='lat' dir='ltr'>potuit,</span> <span class='ocrx_word' id='word_1_150' title='bbox 369 1250 410 1280; x_wconf 83' lang='lat' dir='ltr'>ut</span> <span class='ocrx_word' id='word_1_151' title='bbox 438 1258 506 1291; x_wconf 79' lang='lat' dir='ltr'>voe,</span> <span class='ocrx_word' id='word_1_152' title='bbox 547 1245 605 1295; x_wconf 89' lang='lat' dir='ltr'>qui</span> <span class='ocrx_word' id='word_1_153' title='bbox 636 1246 744 1282; x_wconf 83' lang='lat' dir='ltr'>modo</span> <span class='ocrx_word' id='word_1_154' title='bbox 774 1250 855 1281; x_wconf 84' lang='lat' dir='ltr'>ante</span> <span class='ocrx_word' id='word_1_155' title='bbox 892 1245 1021 1282; x_wconf 86' lang='lat' dir='ltr'>ostium</span> <span class='ocrx_word' id='word_1_156' title='bbox 1053 1245 1257 1281; x_wconf 81' lang='lat' dir='ltr'>Tibelinum</span> <span class='ocrx_word' id='word_1_157' title='bbox 1295 1244 1443 1281; x_wconf 78' lang='lat' dir='ltr'>classem</span> 
     </span>
     <span class='ocr_line' id='line_1_19' title="bbox 114 1306 1443 1356; baseline 0 -14"><span class='ocrx_word' id='word_1_158' title='bbox 114 1306 270 1343; x_wconf 82' lang='lat' dir='ltr'>hostium</span> <span class='ocrx_word' id='word_1_159' title='bbox 298 1307 596 1352; x_wconf 58' lang='lat' dir='ltr'>fidebatis‚n1111o</span> <span class='ocrx_word' id='word_1_160' title='bbox 625 1307 760 1343; x_wconf 83' lang='lat' dir='ltr'>nullam</span> <span class='ocrx_word' id='word_1_161' title='bbox 793 1307 884 1343; x_wconf 85' lang='lat' dir='ltr'>intra</span> <span class='ocrx_word' id='word_1_162' title='bbox 911 1307 1043 1344; x_wconf 78' lang='lat' dir='ltr'>Oceani</span> <span class='ocrx_word' id='word_1_163' title='bbox 1074 1307 1205 1343; x_wconf 84' lang='lat' dir='ltr'>ostium</span> <span class='ocrx_word' id='word_1_164' title='bbox 1232 1307 1443 1356; x_wconf 72' lang='lat' dir='ltr'>praeclonum</span> 
     </span>
     <span class='ocr_line' id='line_1_20' title="bbox 115 1368 1444 1418; baseline -0.001 -14"><span class='ocrx_word' id='word_1_165' title='bbox 115 1381 243 1405; x_wconf 82' lang='lat' dir='ltr'>navem</span> <span class='ocrx_word' id='word_1_166' title='bbox 271 1381 343 1405; x_wconf 86' lang='lat' dir='ltr'>esse</span> <span class='ocrx_word' id='word_1_167' title='bbox 371 1369 546 1405; x_wconf 71' lang='lat' dir='ltr'>audiatis?</span> <span class='ocrx_word' id='word_1_168' title='bbox 601 1372 660 1405; x_wconf 79' lang='lat'>34.</span> <span class='ocrx_word' id='word_1_169' title='bbox 688 1370 808 1418; x_wconf 82' lang='lat' dir='ltr'>Atque</span> <span class='ocrx_word' id='word_1_170' title='bbox 835 1369 913 1405; x_wconf 78' lang='lat' dir='ltr'>haec</span> <span class='ocrx_word' id='word_1_171' title='bbox 933 1382 1004 1418; x_wconf 79' lang='lat' dir='ltr'>qua</span> <span class='ocrx_word' id='word_1_172' title='bbox 1031 1369 1208 1405; x_wconf 87' lang='lat' dir='ltr'>eeleritate</span> <span class='ocrx_word' id='word_1_173' title='bbox 1237 1373 1339 1418; x_wconf 83' lang='lat' dir='ltr'>gesta</span> <span class='ocrx_word' id='word_1_174' title='bbox 1367 1368 1444 1414; x_wconf 78' lang='lat' dir='ltr'>sint,</span> 
     </span>
     <span class='ocr_line' id='line_1_21' title="bbox 115 1431 1445 1480; baseline 0 -14"><span class='ocrx_word' id='word_1_175' title='bbox 115 1443 336 1480; x_wconf 85' lang='lat' dir='ltr'>quamquam</span> <span class='ocrx_word' id='word_1_176' title='bbox 356 1431 488 1477; x_wconf 52' lang='lat' dir='ltr'>widem,</span> <span class='ocrx_word' id='word_1_177' title='bbox 508 1436 630 1467; x_wconf 84' lang='lat' dir='ltr'>tamen</span> <span class='ocrx_word' id='word_1_178' title='bbox 650 1444 671 1467; x_wconf 86' lang='lat' dir='ltr'>a</span> <span class='ocrx_word' id='word_1_179' title='bbox 690 1444 749 1467; x_wconf 88' lang='lat' dir='ltr'>me</span> <span class='ocrx_word' id='word_1_180' title='bbox 768 1431 805 1467; x_wconf 86' lang='lat' dir='ltr'>in</span> <span class='ocrx_word' id='word_1_181' title='bbox 825 1431 976 1467; x_wconf 83' lang='lat' dir='ltr'>dicendo</span> <span class='ocrx_word' id='word_1_182' title='bbox 994 1431 1241 1480; x_wconf 87' lang='lat' dir='ltr'>praetereunda</span> <span class='ocrx_word' id='word_1_183' title='bbox 1263 1443 1334 1467; x_wconf 90' lang='lat' dir='ltr'>non</span> <span class='ocrx_word' id='word_1_184' title='bbox 1353 1434 1445 1466; x_wconf 84' lang='lat' dir='ltr'>sunt.</span> 
     </span>
     <span class='ocr_line' id='line_1_22' title="bbox 115 1493 1446 1543; baseline -0.001 -14"><span class='ocrx_word' id='word_1_185' title='bbox 115 1493 202 1536; x_wconf 77' lang='lat' dir='ltr'>Quis</span> <span class='ocrx_word' id='word_1_186' title='bbox 221 1493 316 1530; x_wconf 88' lang='lat' dir='ltr'>enim</span> <span class='ocrx_word' id='word_1_187' title='bbox 335 1506 508 1543; x_wconf 86' lang='lat' dir='ltr'>unquam,</span> <span class='ocrx_word' id='word_1_188' title='bbox 529 1499 591 1529; x_wconf 79' lang='lat' dir='ltr'>aut</span> <span class='ocrx_word' id='word_1_189' title='bbox 611 1494 803 1530; x_wconf 77' lang='lat' dir='ltr'>¹1obeundi</span> <span class='ocrx_word' id='word_1_190' title='bbox 831 1493 970 1542; x_wconf 74' lang='lat' dir='ltr'>negotii,</span> <span class='ocrx_word' id='word_1_191' title='bbox 993 1498 1054 1529; x_wconf 87' lang='lat' dir='ltr'>aut</span> <span class='ocrx_word' id='word_1_192' title='bbox 1079 1493 1315 1543; x_wconf 81' lang='lat' dir='ltr'>consequendi</span> <span class='ocrx_word' id='word_1_193' title='bbox 1335 1505 1446 1543; x_wconf 83' lang='lat' dir='ltr'>quaes-</span> 
     </span>
     <span class='ocr_line' id='line_1_23' title="bbox 116 1555 1446 1606; baseline 0 -14"><span class='ocrx_word' id='word_1_194' title='bbox 116 1560 170 1592; x_wconf 82' lang='lat' dir='ltr'>tus</span> <span class='ocrx_word' id='word_1_195' title='bbox 196 1556 324 1601; x_wconf 81' lang='lat' dir='ltr'>studio,</span> <span class='ocrx_word' id='word_1_196' title='bbox 344 1561 419 1592; x_wconf 82' lang='lat' dir='ltr'>tam</span> <span class='ocrx_word' id='word_1_197' title='bbox 438 1556 535 1593; x_wconf 77' lang='lat' dir='ltr'>brevi</span> <span class='ocrx_word' id='word_1_198' title='bbox 563 1562 731 1606; x_wconf 85' lang='lat' dir='ltr'>tempore,</span> <span class='ocrx_word' id='word_1_199' title='bbox 751 1561 802 1593; x_wconf 84' lang='lat' dir='ltr'>tot</span> <span class='ocrx_word' id='word_1_200' title='bbox 829 1556 904 1593; x_wconf 85' lang='lat' dir='ltr'>loea</span> <span class='ocrx_word' id='word_1_201' title='bbox 933 1557 1039 1602; x_wconf 85' lang='lat' dir='ltr'>adire,</span> <span class='ocrx_word' id='word_1_202' title='bbox 1059 1561 1174 1593; x_wconf 79' lang='lat' dir='ltr'>tantos</span> <span class='ocrx_word' id='word_1_203' title='bbox 1194 1569 1313 1592; x_wconf 83' lang='lat' dir='ltr'>cursus</span> <span class='ocrx_word' id='word_1_204' title='bbox 1340 1555 1446 1592; x_wconf 83' lang='lat' dir='ltr'>confi-</span> 
     </span>
     <span class='ocr_line' id='line_1_24' title="bbox 115 1617 1445 1668; baseline -0.001 -14"><span class='ocrx_word' id='word_1_205' title='bbox 115 1631 193 1654; x_wconf 86' lang='lat' dir='ltr'>cere</span> <span class='ocrx_word' id='word_1_206' title='bbox 213 1619 335 1668; x_wconf 82' lang='lat' dir='ltr'>potuit,</span> <span class='ocrx_word' id='word_1_207' title='bbox 355 1631 463 1668; x_wconf 83' lang='lat' dir='ltr'>quam</span> <span class='ocrx_word' id='word_1_208' title='bbox 492 1618 656 1664; x_wconf 83' lang='lat' dir='ltr'>celeriter,</span> <span class='ocrx_word' id='word_1_209' title='bbox 677 1618 741 1655; x_wconf 85' lang='lat' dir='ltr'>Cn.</span> <span class='ocrx_word' id='word_1_210' title='bbox 760 1618 934 1668; x_wconf 89' lang='lat' dir='ltr'>Pompeio</span> <span class='ocrx_word' id='word_1_211' title='bbox 956 1619 1056 1664; x_wconf 86' lang='lat' dir='ltr'>duce,</span> <span class='ocrx_word' id='word_1_212' title='bbox 1075 1618 1164 1654; x_wconf 88' lang='lat' dir='ltr'>tanti</span> <span class='ocrx_word' id='word_1_213' title='bbox 1182 1617 1264 1654; x_wconf 85' lang='lat' dir='ltr'>belli</span> <span class='ocrx_word' id='word_1_214' title='bbox 1290 1618 1445 1667; x_wconf 88' lang='lat' dir='ltr'>impetus</span> 
     </span>
     <span class='ocr_line' id='line_1_25' title="bbox 115 1679 1445 1730; baseline -0.001 -14"><span class='ocrx_word' id='word_1_215' title='bbox 115 1681 313 1730; x_wconf 68' lang='lat' dir='ltr'>navigaxit?</span> <span class='ocrx_word' id='word_1_216' title='bbox 333 1681 393 1730; x_wconf 88' lang='lat' dir='ltr'>qui</span> <span class='ocrx_word' id='word_1_217' title='bbox 414 1681 440 1698; x_wconf 80' lang='lat'>¹²</span> <span class='ocrx_word' id='word_1_218' title='bbox 453 1682 613 1717; x_wconf 81' lang='lat' dir='ltr'>nondum</span> <span class='ocrx_word' id='word_1_219' title='bbox 633 1681 841 1730; x_wconf 78' lang='lat' dir='ltr'>tempestivo</span> <span class='ocrx_word' id='word_1_220' title='bbox 861 1682 908 1717; x_wconf 81' lang='lat' dir='ltr'>ad</span> <span class='ocrx_word' id='word_1_221' title='bbox 922 1681 1164 1730; x_wconf 68' lang='lat' dir='ltr'>nauigandum</span> <span class='ocrx_word' id='word_1_222' title='bbox 1182 1680 1274 1716; x_wconf 85' lang='lat' dir='ltr'>mari</span> <span class='ocrx_word' id='word_1_223' title='bbox 1289 1679 1445 1716; x_wconf 84' lang='lat' dir='ltr'>Siciliam</span> 
     </span>
     <span class='ocr_line' id='line_1_26' title="bbox 115 1741 1444 1791; baseline 0.001 -14"><span class='ocrx_word' id='word_1_224' title='bbox 115 1742 212 1787; x_wconf 82' lang='lat' dir='ltr'>adiit,</span> <span class='ocrx_word' id='word_1_225' title='bbox 231 1742 387 1778; x_wconf 78' lang='lat' dir='ltr'>Africam</span> <span class='ocrx_word' id='word_1_226' title='bbox 413 1743 615 1791; x_wconf 79' lang='lat' dir='ltr'>exploravit,</span> <span class='ocrx_word' id='word_1_227' title='bbox 637 1743 720 1779; x_wconf 86' lang='lat' dir='ltr'>inde</span> <span class='ocrx_word' id='word_1_228' title='bbox 740 1743 939 1779; x_wconf 74' lang='lat' dir='ltr'>Sardiniam</span> <span class='ocrx_word' id='word_1_229' title='bbox 967 1755 1051 1778; x_wconf 89' lang='lat' dir='ltr'>cum</span> <span class='ocrx_word' id='word_1_230' title='bbox 1079 1741 1185 1777; x_wconf 85' lang='lat' dir='ltr'>classe</span> <span class='ocrx_word' id='word_1_231' title='bbox 1214 1741 1316 1787; x_wconf 79' lang='lat' dir='ltr'>venit,</span> <span class='ocrx_word' id='word_1_232' title='bbox 1336 1745 1444 1791; x_wconf 84' lang='lat' dir='ltr'>atque</span> 
     </span>
     <span class='ocr_line' id='line_1_27' title="bbox 116 1803 1445 1852; baseline -0.001 -13"><span class='ocrx_word' id='word_1_233' title='bbox 116 1803 194 1840; x_wconf 81' lang='lat' dir='ltr'>haec</span> <span class='ocrx_word' id='word_1_234' title='bbox 220 1804 287 1839; x_wconf 78' lang='lat' dir='ltr'>tria</span> <span class='ocrx_word' id='word_1_235' title='bbox 315 1804 545 1840; x_wconf 77' lang='lat' dir='ltr'>fimnentaria</span> <span class='ocrx_word' id='word_1_236' title='bbox 581 1804 737 1840; x_wconf 61' lang='lat' dir='ltr'>subsidia</span> <span class='ocrx_word' id='word_1_237' title='bbox 774 1804 824 1839; x_wconf 87' lang='lat' dir='ltr'>rei</span> <span class='ocrx_word' id='word_1_238' title='bbox 856 1803 1006 1852; x_wconf 81' lang='lat' dir='ltr'>publieae</span> <span class='ocrx_word' id='word_1_239' title='bbox 1039 1803 1246 1839; x_wconf 72' lang='lat' dir='ltr'>firmisshnis</span> <span class='ocrx_word' id='word_1_240' title='bbox 1275 1803 1445 1852; x_wconf 81' lang='lat' dir='ltr'>praesidiis</span> 
     </span>
     <span class='ocr_line' id='line_1_28' title="bbox 115 1864 1444 1913; baseline -0.001 -13"><span class='ocrx_word' id='word_1_241' title='bbox 115 1864 351 1913; x_wconf 69' lang='lat' dir='ltr'>classibusque</span> <span class='ocrx_word' id='word_1_242' title='bbox 381 1865 543 1900; x_wconf 69' lang='lat' dir='ltr'>munixit.</span> <span class='ocrx_word' id='word_1_243' title='bbox 598 1869 656 1900; x_wconf 85' lang='lat'>35.</span> <span class='ocrx_word' id='word_1_244' title='bbox 685 1865 772 1900; x_wconf 87' lang='lat' dir='ltr'>Inde</span> <span class='ocrx_word' id='word_1_245' title='bbox 803 1877 915 1913; x_wconf 90' lang='lat' dir='ltr'>quum</span> <span class='ocrx_word' id='word_1_246' title='bbox 945 1877 983 1900; x_wconf 86' lang='lat' dir='ltr'>se</span> <span class='ocrx_word' id='word_1_247' title='bbox 1014 1864 1050 1900; x_wconf 85' lang='lat' dir='ltr'>in</span> <span class='ocrx_word' id='word_1_248' title='bbox 1082 1864 1221 1900; x_wconf 86' lang='lat' dir='ltr'>Italiam</span> <span class='ocrx_word' id='word_1_249' title='bbox 1248 1864 1444 1913; x_wconf 81' lang='lat' dir='ltr'>recepisset,</span> 
     </span>
     <span class='ocr_line' id='line_1_29' title="bbox 116 1925 1445 1975; baseline -0.001 -13"><span class='ocrx_word' id='word_1_250' title='bbox 116 1926 254 1963; x_wconf 86' lang='lat' dir='ltr'>duabus</span> <span class='ocrx_word' id='word_1_251' title='bbox 291 1926 470 1975; x_wconf 82' lang='lat' dir='ltr'>Hispaniis</span> <span class='ocrx_word' id='word_1_252' title='bbox 508 1930 544 1962; x_wconf 86' lang='lat' dir='ltr'>et</span> <span class='ocrx_word' id='word_1_253' title='bbox 583 1926 696 1962; x_wconf 85' lang='lat' dir='ltr'>Gallia</span> <span class='ocrx_word' id='word_1_254' title='bbox 732 1926 961 1975; x_wconf 81' lang='lat' dir='ltr'>Transalpina</span> <span class='ocrx_word' id='word_1_255' title='bbox 1002 1926 1171 1975; x_wconf 63' lang='lat' dir='ltr'>praesidiis</span> <span class='ocrx_word' id='word_1_256' title='bbox 1217 1938 1258 1962; x_wconf 89' lang='lat' dir='ltr'>ac</span> <span class='ocrx_word' id='word_1_257' title='bbox 1296 1925 1445 1962; x_wconf 68' lang='lat' dir='ltr'>naxibus</span> 
     </span>
     <span class='ocr_line' id='line_1_30' title="bbox 117 1987 1444 2037; baseline 0 -13"><span class='ocrx_word' id='word_1_258' title='bbox 117 1988 143 2006; x_wconf 80' lang='lat'>¹³</span> <span class='ocrx_word' id='word_1_259' title='bbox 154 1989 370 2034; x_wconf 79' lang='lat' dir='ltr'>confirmata,</span> <span class='ocrx_word' id='word_1_260' title='bbox 398 1988 511 2024; x_wconf 76' lang='lat' dir='ltr'>missis</span> <span class='ocrx_word' id='word_1_261' title='bbox 539 1988 625 2024; x_wconf 86' lang='lat' dir='ltr'>item</span> <span class='ocrx_word' id='word_1_262' title='bbox 656 1988 694 2023; x_wconf 90' lang='lat' dir='ltr'>in</span> <span class='ocrx_word' id='word_1_263' title='bbox 725 2001 825 2024; x_wconf 89' lang='lat' dir='ltr'>oram</span> <span class='ocrx_word' id='word_1_264' title='bbox 851 1987 977 2037; x_wconf 75' lang='lat' dir='ltr'>Illyrici</span> <span class='ocrx_word' id='word_1_265' title='bbox 1004 1987 1121 2034; x_wconf 76' lang='lat' dir='ltr'>man&#39;S,</span> <span class='ocrx_word' id='word_1_266' title='bbox 1142 1992 1178 2024; x_wconf 85' lang='lat' dir='ltr'>et</span> <span class='ocrx_word' id='word_1_267' title='bbox 1203 1987 1239 2023; x_wconf 90' lang='lat' dir='ltr'>in</span> <span class='ocrx_word' id='word_1_268' title='bbox 1266 1987 1444 2024; x_wconf 84' lang='lat' dir='ltr'>Achaiam</span> 
     </span>
     <span class='ocr_line' id='line_1_31' title="bbox 115 2050 1446 2100; baseline 0 -14"><span class='ocrx_word' id='word_1_269' title='bbox 115 2064 333 2100; x_wconf 86' lang='lat' dir='ltr'>omnemque</span> <span class='ocrx_word' id='word_1_270' title='bbox 354 2050 529 2087; x_wconf 77' lang='lat' dir='ltr'>Graeciam</span> <span class='ocrx_word' id='word_1_271' title='bbox 557 2050 714 2096; x_wconf 75' lang='lat' dir='ltr'>navibus,</span> <span class='ocrx_word' id='word_1_272' title='bbox 736 2050 761 2067; x_wconf 76' lang='lat'>¹⁴</span> <span class='ocrx_word' id='word_1_273' title='bbox 771 2050 881 2087; x_wconf 83' lang='lat' dir='ltr'>Italiae</span> <span class='ocrx_word' id='word_1_274' title='bbox 910 2051 982 2087; x_wconf 90' lang='lat' dir='ltr'>duo</span> <span class='ocrx_word' id='word_1_275' title='bbox 1007 2050 1121 2086; x_wconf 86' lang='lat' dir='ltr'>maria.</span> <span class='ocrx_word' id='word_1_276' title='bbox 1147 2050 1310 2086; x_wconf 75' lang='lat' dir='ltr'>maximis</span> <span class='ocrx_word' id='word_1_277' title='bbox 1332 2050 1446 2087; x_wconf 69' lang='lat' dir='ltr'>classi-</span> 
     </span>
     <span class='ocr_line' id='line_1_32' title="bbox 116 2112 1445 2162; baseline 0 -14"><span class='ocrx_word' id='word_1_278' title='bbox 116 2112 183 2149; x_wconf 85' lang='lat' dir='ltr'>bus</span> <span class='ocrx_word' id='word_1_279' title='bbox 210 2112 484 2162; x_wconf 61' lang='lat' dir='ltr'>firmiffiimisque</span> <span class='ocrx_word' id='word_1_280' title='bbox 510 2112 680 2162; x_wconf 80' lang='lat' dir='ltr'>praesidiis</span> <span class='ocrx_word' id='word_1_281' title='bbox 707 2112 911 2158; x_wconf 78' lang='lat' dir='ltr'>adornavit3</span> <span class='ocrx_word' id='word_1_282' title='bbox 938 2112 1011 2161; x_wconf 84' lang='lat' dir='ltr'>ipse</span> <span class='ocrx_word' id='word_1_283' title='bbox 1042 2117 1172 2158; x_wconf 88' lang='lat' dir='ltr'>autem,</span> <span class='ocrx_word' id='word_1_284' title='bbox 1191 2117 1232 2148; x_wconf 84' lang='lat' dir='ltr'>ut</span> <span class='ocrx_word' id='word_1_285' title='bbox 1257 2112 1445 2148; x_wconf 75' lang='lat' dir='ltr'>Brundisio</span> 
     </span>
     <span class='ocr_line' id='line_1_33' title="bbox 115 2173 1443 2225; baseline -0.001 -14"><span class='ocrx_word' id='word_1_286' title='bbox 115 2175 290 2225; x_wconf 75' lang='lat' dir='ltr'>profectus</span> <span class='ocrx_word' id='word_1_287' title='bbox 317 2180 378 2220; x_wconf 84' lang='lat' dir='ltr'>est,</span> <span class='ocrx_word' id='word_1_288' title='bbox 397 2174 790 2224; x_wconf 81' lang='lat' dir='ltr'>undequinquagesimo</span> <span class='ocrx_word' id='word_1_289' title='bbox 817 2175 873 2211; x_wconf 86' lang='lat' dir='ltr'>die</span> <span class='ocrx_word' id='word_1_290' title='bbox 900 2178 1014 2211; x_wconf 87' lang='lat' dir='ltr'>totam</span> <span class='ocrx_word' id='word_1_291' title='bbox 1043 2175 1090 2211; x_wconf 87' lang='lat' dir='ltr'>ad</span> <span class='ocrx_word' id='word_1_292' title='bbox 1116 2174 1306 2224; x_wconf 87' lang='lat' dir='ltr'>imperium</span> <span class='ocrx_word' id='word_1_293' title='bbox 1326 2173 1443 2223; x_wconf 88' lang='lat' dir='ltr'>populi</span> 
     </span>
     <span class='ocr_line' id='line_1_34' title="bbox 116 2235 1444 2286; baseline -0.001 -14"><span class='ocrx_word' id='word_1_294' title='bbox 116 2236 268 2273; x_wconf 88' lang='lat' dir='ltr'>Romani</span> <span class='ocrx_word' id='word_1_295' title='bbox 289 2236 447 2273; x_wconf 81' lang='lat' dir='ltr'>Ciliciam</span> <span class='ocrx_word' id='word_1_296' title='bbox 469 2236 648 2286; x_wconf 82' lang='lat' dir='ltr'>adjunxit:</span> <span class='ocrx_word' id='word_1_297' title='bbox 677 2249 809 2282; x_wconf 63' lang='lat' dir='ltr'>omme,</span> <span class='ocrx_word' id='word_1_298' title='bbox 841 2236 904 2285; x_wconf 88' lang='lat' dir='ltr'>qui</span> <span class='ocrx_word' id='word_1_299' title='bbox 923 2236 1057 2285; x_wconf 87' lang='lat' dir='ltr'>ubique</span> <span class='ocrx_word' id='word_1_300' title='bbox 1084 2236 1269 2285; x_wconf 62' lang='lat' dir='ltr'>praedones</span> <span class='ocrx_word' id='word_1_301' title='bbox 1295 2235 1444 2282; x_wconf 82' lang='lat' dir='ltr'>fuerunt,</span> 
     </span>
     <span class='ocr_line' id='line_1_35' title="bbox 115 2297 1445 2348; baseline -0.001 -14"><span class='ocrx_word' id='word_1_302' title='bbox 115 2299 243 2348; x_wconf 76' lang='lat' dir='ltr'>partim</span> <span class='ocrx_word' id='word_1_303' title='bbox 264 2298 358 2348; x_wconf 83' lang='lat' dir='ltr'>eapti</span> <span class='ocrx_word' id='word_1_304' title='bbox 377 2298 620 2348; x_wconf 82' lang='lat' dir='ltr'>interfectique</span> <span class='ocrx_word' id='word_1_305' title='bbox 637 2303 728 2344; x_wconf 81' lang='lat' dir='ltr'>sunt,</span> <span class='ocrx_word' id='word_1_306' title='bbox 747 2298 875 2347; x_wconf 84' lang='lat' dir='ltr'>partim</span> <span class='ocrx_word' id='word_1_307' title='bbox 897 2298 999 2334; x_wconf 88' lang='lat' dir='ltr'>unius</span> <span class='ocrx_word' id='word_1_308' title='bbox 1017 2298 1122 2348; x_wconf 83' lang='lat' dir='ltr'>hujus</span> <span class='ocrx_word' id='word_1_309' title='bbox 1140 2310 1177 2334; x_wconf 87' lang='lat' dir='ltr'>se</span> <span class='ocrx_word' id='word_1_310' title='bbox 1199 2297 1225 2314; x_wconf 84' lang='lat'>¹⁵</span> <span class='ocrx_word' id='word_1_311' title='bbox 1236 2297 1384 2346; x_wconf 88' lang='lat' dir='ltr'>imperio</span> <span class='ocrx_word' id='word_1_312' title='bbox 1402 2310 1445 2334; x_wconf 80' lang='lat' dir='ltr'>ac</span> 
     </span>
     <span class='ocr_line' id='line_1_36' title="bbox 116 2359 1444 2410; baseline -0.001 -14"><span class='ocrx_word' id='word_1_313' title='bbox 116 2360 277 2409; x_wconf 79' lang='lat' dir='ltr'>potestati</span> <span class='ocrx_word' id='word_1_314' title='bbox 306 2360 528 2397; x_wconf 87' lang='lat' dir='ltr'>dediderunt.</span> <span class='ocrx_word' id='word_1_315' title='bbox 582 2360 608 2378; x_wconf 84' lang='lat'>¹⁶</span> <span class='ocrx_word' id='word_1_316' title='bbox 618 2360 722 2397; x_wconf 87' lang='lat' dir='ltr'>Idem</span> <span class='ocrx_word' id='word_1_317' title='bbox 749 2360 986 2405; x_wconf 77' lang='lat' dir='ltr'>Cretensibus,</span> <span class='ocrx_word' id='word_1_318' title='bbox 1006 2372 1119 2410; x_wconf 88' lang='lat' dir='ltr'>quum</span> <span class='ocrx_word' id='word_1_319' title='bbox 1151 2359 1197 2396; x_wconf 86' lang='lat' dir='ltr'>ad</span> <span class='ocrx_word' id='word_1_320' title='bbox 1224 2371 1308 2396; x_wconf 90' lang='lat' dir='ltr'>eum</span> <span class='ocrx_word' id='word_1_321' title='bbox 1331 2371 1444 2409; x_wconf 85' lang='lat' dir='ltr'>usque</span> 
     </span>
    </p>
   </div>
  </div>
 </body>
</html>
