1571 2651
497 131 634 156 ORATIO
663 130 736 155 PRO
764 129 860 154 LEGE
890 128 1063 153 MANILIA.
1403 121 1447 156 9]

106 235 170 272 sed
189 234 339 273 sonunae
363 234 550 272 tribuenda
569 246 643 270 esse
663 233 859 270 videantur.
913 232 986 269 Sed
1007 232 1052 269 de
1073 231 1220 268 Lucullo
1241 232 1358 268 dicam
1386 233 1453 269 alio

106 297 193 343 loco,
208 302 244 334 et
262 298 313 334 ita
331 297 461 342 dicam,
476 296 639 342 Quirites,
653 300 695 332 ut
714 308 830 346 neque
852 295 864 312 ⁶
875 308 956 332 vera
975 295 1051 331 laus
1071 294 1101 331 ei
1118 295 1277 331 detracta
1297 295 1453 331 oratione

106 365 232 407 nostra,
262 373 380 410 neque,
410 360 497 397 falsa
526 360 645 396 afficta
674 372 748 396 esse
779 359 950 395 videatur.
1007 361 1064 394 11.
1098 357 1154 393 De
1186 357 1287 393 vestri
1315 357 1452 407 imperii

106 424 281 473 dignitate
314 429 424 474 atque
456 423 577 473 gloria,
610 423 780 473 quoniam
812 422 840 458 is
873 427 926 459 est
959 422 1124 458 ⁷exorsus
1156 420 1319 457 orationis
1351 433 1453 466 meze,

107 487 232 532 videte,
253 499 363 536 quem
384 486 482 524 vobis
501 486 662 522 animum
682 485 947 535 suscipiendum
968 484 1109 535 putetis.

185 549 230 586 V.
283 549 435 599 Majores
455 538 561 586 nostri
581 561 686 598 saepe,
707 548 960 585 mercatoribus
981 553 1042 584 aut
1069 546 1291 583 naviculariis
1316 546 1454 595 injurio-

104 611 175 648 sius
193 612 360 658 traetatis,
381 612 474 649 bella
492 618 698 661 gesserunt:
728 624 797 656 VOS,
816 616 868 647 tot
887 611 1043 647 millibus
1063 610 1192 646 citium
1209 609 1450 645 Romanorum

106 675 200 712 ¹uno
225 675 348 712 nuntio
375 681 484 724 atque
512 687 584 711 uno
611 678 771 723 tempore
802 673 942 719 necatis,
963 686 1035 722 quo
1060 672 1209 709 tandem
1237 671 1358 708 animo
1377 684 1451 707 esse

105 737 268 774 debetis?
340 736 465 787 Legati
503 736 601 786 quod
639 737 651 753 ²
663 739 762 773 erant
800 735 967 786 appellati
1005 735 1200 785 superbius,
1240 733 1451 770 Corinthum

103 803 221 849 patres
241 800 354 846 vestri,
373 799 480 837 totius
500 799 650 836 Graeeiae
678 799 799 835 lumen
826 799 1039 836 exstinctum
1060 811 1134 835 esse
1156 797 1363 835 voluerunt:
1393 809 1452 833 vos

103 874 187 898 eum
215 875 339 912 regem
366 862 522 909 inultum
551 875 626 899 esse,
646 862 841 912 patiemini,
861 862 922 912 qui
943 861 1125 911 ³legatum
1146 860 1267 910 populi
1288 859 1451 904 Romani,

103 925 336 971 consularem,
356 925 503 962 vinculis
523 938 565 962 ae
586 925 800 971 verberibus,
821 930 929 975 atque
950 924 1049 962 omni
1076 924 1248 974 supplicio
1276 923 1453 960 excrucia-

103 993 181 1024 tum
209 988 373 1026 necavit?
437 988 514 1025 ⁴Illi
546 988 749 1026 libertatem
781 988 911 1025 civium
942 987 1188 1024 Romanorum
1222 987 1450 1023 imminutam

102 1063 172 1088 non
193 1051 370 1098 tulerunt3
396 1065 457 1089 vos
477 1052 586 1089 vitani
606 1056 767 1102 ereptam
786 1051 1000 1101 negligetis?
1052 1051 1075 1088 J
1077 1064 1116 1087 us
1136 1050 1321 1100 legationis
1340 1051 1452 1088 verbo

101 1113 273 1151 violatum
294 1114 342 1151 illi
370 1115 548 1165 perseeuti
572 1119 675 1161 sunt;
703 1128 763 1152 vos
782 1115 943 1164 legatum
970 1114 1067 1151 omni
1094 1113 1265 1163 supplicio
1292 1113 1452 1150 interfec—

100 1181 178 1213 tum
198 1177 426 1228 relinquetis?
476 1182 533 1215 12.
553 1178 696 1223 Videte,
710 1190 766 1224 ue,
781 1182 822 1214 ut
839 1178 904 1214 illis
924 1177 1203 1227 pulcherrimum
1224 1177 1290 1213 fuit
1309 1181 1450 1213 tantam

100 1239 202 1277 vobis
227 1239 365 1290 imperii
391 1241 542 1291 gloriam
566 1241 716 1288 tradere,
735 1241 785 1277 sie
810 1240 911 1278 vobis
939 1240 1182 1290 turpissimum
1210 1240 1264 1286 sit,
1284 1240 1332 1287 id,
1353 1240 1448 1290 quod

101 1303 293 1353 accepistis,
312 1303 403 1341 tuen'
424 1309 461 1341 et
480 1317 683 1341 conservare
702 1317 774 1341 non
793 1317 905 1354 posse.

181 1365 310 1412 “Quid,
331 1367 429 1417 quod
447 1367 541 1404 salus
567 1367 744 1405 sociorum
771 1380 956 1407 summum
985 1367 1021 1403 in
1048 1366 1247 1417 perieulum
1271 1379 1312 1404 ae
1333 1367 1451 1404 discri-

100 1439 185 1464 men
200 1434 354 1475 vocatur,
366 1442 438 1480 quo
457 1430 607 1467 tandem
627 1430 747 1467 animo
760 1431 849 1467 ferre
863 1430 1026 1467 debetis?
1073 1430 1201 1479 Regno
1216 1434 1268 1466 est
1285 1430 1450 1480 expulsus

100 1489 361 1528 Ariobarzanes
387 1505 459 1538 rex,
478 1493 594 1529 socius
621 1493 742 1542 populi
772 1493 925 1529 Romani
945 1498 1053 1542 atque
1073 1492 1231 1538 amieus;
1259 1492 1450 1529 imminent

102 1551 198 1590 ⁶duo
226 1566 327 1604 reges
356 1554 419 1591 toti
450 1555 556 1599 Asiae,
586 1567 657 1592 non
686 1555 802 1591 solum
834 1555 934 1591 vobis
967 1554 1208 1601 inimicissimi,
1241 1555 1304 1591 sed
1339 1555 1449 1591 etiam

100 1616 221 1652 vestris
252 1617 352 1654 sociis
385 1623 492 1668 atque
524 1618 666 1664 amieis;
701 1618 862 1655 civitates
892 1623 1015 1654 autem
1045 1630 1178 1663 omnes,
1208 1623 1336 1655 cuneta
1362 1618 1450 1655 Asia

99 1682 208 1728 atque
229 1679 368 1717 Graecia
387 1685 543 1717 vestrum
564 1681 733 1717 auxilium
754 1685 958 1731 exspectare
977 1686 1120 1731 propter
1140 1681 1285 1731 periculi
1314 1682 1449 1731 magni-

99 1740 260 1779 tudinem
283 1747 482 1793 coguntur3
510 1743 760 1793 imperatorem
779 1756 801 1780 a
820 1744 917 1781 vobis
946 1749 1083 1780 certum
1112 1744 1313 1794 deposcere,
1334 1757 1447 1794 quum

99 1804 293 1854 praesertim
314 1818 375 1842 vos
402 1805 514 1842 alium
545 1806 716 1852 miseritis,
737 1819 854 1856 neque
885 1807 1028 1851 audent,
1049 1819 1166 1856 neque
1197 1820 1234 1843 se
1265 1806 1300 1842 i‹l
1334 1807 1447 1843 tiam-:v

98 1865 173 1903 sino
203 1879 346 1905 summo
376 1868 534 1919 periculo
563 1882 664 1919 posse
696 1869 922 1906 arbitrantur.
980 1873 1037 1906 13.
1066 1869 1201 1906 Vident
1229 1875 1263 1906 et
1291 1871 1446 1905 s-niism

98 1929 168 1967 hoc
186 1930 294 1977 idem,
315 1931 436 1982 ⁷qu0d
455 1945 527 1978 VOS,
547 1945 659 1969 unum
681 1932 795 1969 virum
816 1945 900 1979 esse,
920 1932 956 1968 iu
976 1945 1047 1982 quo
1066 1945 1209 1968 summa
1227 1932 1295 1968 sint
1317 1934 1446 1975 mini-2⁴³,

100 2000 137 2030 et
155 2005 239 2030 eum
259 1999 403 2044 propter
422 2008 508 2041 esse,
522 2009 594 2046 quo
614 1996 720 2033 etiam
736 2001 858 2033 carent
878 1996 1030 2045 aegrius:
1055 1995 1175 2045 ΤἐίῇιμἼ
1197 1997 1351 2032 mlx-«uitii
1374 1998 1392 2045 ig

100 2060 207 2106 atque
234 2057 387 2104 nomine,
406 2058 549 2096 tametsi
577 2058 634 2096 ille
656 2059 725 2097 ’ad
750 2060 971 2096 maritimum
1003 2059 1137 2095 bellum
1160 2059 1303 2098 venei-it,
1326 2065 1445 2094 tanwn

99 2119 254 2169 impetus
273 2119 431 2158 hostium
450 2134 623 2172 repressos
642 2135 717 2160 esse
737 2122 938 2171 intelligunt
958 2135 999 2158 ae
1019 2122 1223 2158 retardatos.
1272 2122 1297 2138 ¹⁰
1311 2122 1359 2157 Hi
1376 2135 1446 2167 vos,

99 2181 272 2232 qnoniam
299 2182 410 2220 libere
437 2183 535 2236 loqui
562 2197 634 2222 non
661 2185 753 2231 lieet,
775 2185 881 2222 tacite
910 2190 1044 2232 rogant,
1066 2190 1105 2221 nt
1124 2198 1160 2221 se
1181 2198 1336 2234 qnoque,
1356 2185 1445 2222 sicut

99 2249 298 2281 ceterarum
320 2246 579 2296 provinciarum
599 2248 720 2294 socios,
740 2248 867 2298 dignos
887 2248 1102 2293 existimetis,
1119 2260 1271 2296 qnorum
1292 2247 1446 2285 salntem

98 2306 159 2343 tali
179 2307 254 2345 viro
273 2309 553 2363 eonimendetis3
583 2310 729 2362 uatque
757 2311 825 2348 hoc
843 2312 961 2347 ’etiam
987 2311 1111 2359 magis,
1132 2310 1229 2360 quod
1249 2314 1383 2348 eeteros
1405 2311 1446 2347 in

96 2370 314 2419 provinciam
334 2371 510 2422 ejusmodi
538 2371 702 2411 homines
732 2387 816 2411 cum
846 2373 997 2424 imperio
1027 2372 1216 2420 mittimus,
1236 2377 1286 2419 ut,
1307 2373 1446 2411 etiamsi
