1571 2651
458 137 595 163 onxrxo
624 137 698 162 PRo
726 138 756 163 τ.
784 137 907 163 ANNIO
937 138 1092 163 MILONE.
1372 133 1445 167 135

101 243 163 286 tra,
194 239 402 277 dominante
431 239 580 277 homine
612 240 751 287 furioso,
782 241 882 291 quod
915 241 974 291 jus
1005 245 1188 291 perpetuz'e
1220 243 1447 292 possessionis

99 300 232 339 habere
251 303 445 353 potuissent
460 304 471 340 Ξ

177 365 324 402 XXIX.
376 365 462 402 Non
489 365 610 412 timeo,
634 365 783 416 judices,
805 367 870 403 ¹ne
891 366 973 403 odio
992 379 1160 403 mearum
1181 364 1447 404 inimicitiarum
1480 389 1485 393 ·

99 427 351 474 inflammatus,
371 428 538 465 libentius
556 428 636 465 haec
655 429 690 464 in
718 429 819 465 illum
850 442 1016 466 evomere
1038 429 1170 475 videar,
1190 443 1302 480 quam
1323 431 1448 466 venus.

98 489 240 526 Etenim
260 490 347 528 ²etsi
367 491 593 541 praecipuum
625 504 699 528 esse
728 492 896 537 debebat,
917 498 1039 529 tamen
1069 492 1121 528 ita
1152 493 1351 529 eommunis
1372 498 1449 529 erat

98 554 260 590 oninium
281 554 339 591 ille
359 554 477 601 hostis,
497 560 537 591 ut
557 555 593 591 in
613 555 797 592 communi
818 555 901 592 odio
922 568 1025 605 paene
1047 556 1232 606 {equaliter
1252 562 1450 598 versaretur

97 617 223 654 odium
243 630 378 654 meum.
432 617 517 655 Non
544 623 660 668 potest
689 619 757 655 diei
786 619 881 665 satis,
901 632 945 656 ne
977 618 1125 668 cogitari
1155 619 1317 669 quidem,
1337 632 1449 670 quan-

97 685 175 716 tun]
197 680 232 716 in
253 680 312 717 illo
331 681 481 725 sceleris,
496 686 674 731 quantum
686 681 782 718 exitii
797 681 912 719 fuerit.
970 682 988 718 7
995 686 1028 718 9.
1057 682 1175 725 ³Quin
1195 682 1243 718 sic
1264 682 1448 729 attendite,

96 743 241 794 judices.
295 743 440 793 Nempe
468 743 549 780 haec
576 749 629 780 est
659 744 812 794 quaestio
831 744 877 781 de
905 744 1049 781 interitu
1069 745 1110 781 P.
1131 744 1256 782 Clodii.
1311 745 1448 795 Fingite

99 805 226 842 animis
254 804 390 856 (liberae
410 811 493 843 sunt
521 807 616 843 enim
647 812 776 844 nostrae
805 807 1046 857 cogitationeS‚
1067 813 1114 854 et,
1134 821 1215 858 quae
1237 807 1370 853 volunt,
1399 808 1449 845 sic

97 868 290 916 intuentur,
311 869 323 886 ⁴
335 874 376 906 ut
395 882 437 906 ea
457 869 642 916 cernimus,
657 883 737 920 quae
760 868 951 921 videmus),
966 870 1088 920 fingite
1108 870 1216 921 igitur
1235 871 1448 921 cogitatione

97 932 297 982 imaginem
327 932 436 982 hujus
465 932 673 969 conditionis
703 945 807 978 meze,
835 933 862 968 si
892 932 1024 983 possim
1053 934 1199 980 efficere,
1219 938 1260 970 ut
1279 933 1448 970 Milonem

99 994 296 1040 absolvatis,
311 994 376 1031 sed
396 996 454 1039 ita,
469 995 496 1030 si
512 994 553 1031 P.
566 994 713 1031 Clodius
729 994 899 1031 revixerit.
955 995 1078 1038 ⁵Quid
1093 995 1195 1031 vultu
1216 995 1449 1032 extimuistis?

98 1057 266 1101 Quonam
287 1058 399 1095 modo
427 1057 484 1095 ille
513 1071 574 1095 vos
593 1058 690 1094 w'vus
722 1059 884 1100 afficeret,
906 1071 994 1109 quos
1023 1064 1183 1095 mortuus
1202 1059 1297 1095 inani
1319 1059 1450 1109 eogita-

98 1120 194 1158 tione
221 1121 422 1171 percussit?
477 1121 601 1165 Quid?
629 1121 657 1157 si
686 1122 759 1172 ipse
781 1122 847 1159 Cn.
867 1122 1073 1172 Pompeius,
1093 1122 1156 1172 qui
1185 1136 1227 1159 ea
1255 1123 1379 1159 virtute
1407 1136 1449 1159 ae

97 1184 239 1222 fortuna
258 1189 321 1230 est,
341 1189 384 1220 ut
403 1197 446 1221 ea
465 1185 620 1234 potuerit
647 1197 796 1234 semper,
818 1187 910 1235 quae'
928 1198 1037 1222 nemo
1056 1191 1185 1235 praeter
1204 1185 1313 1231 illum,
1335 1185 1382 1221 ⁶si
1411 1185 1449 1231 is,

97 1247 258 1297 inquam,
286 1246 462 1297 potuisset
490 1252 553 1284 aut
583 1247 816 1297 quaestionem
850 1248 896 1284 de
928 1253 1040 1284 morte
1061 1248 1103 1285 P.
1123 1248 1238 1285 Clodii
1269 1249 1367 1293 ferre,
1388 1253 1450 1284 aut

97 1309 217 1360 ipsum
248 1310 295 1347 ab
324 1309 444 1346 inferis
474 1310 640 1357 excitare,
660 1315 784 1346 utrum
814 1310 946 1360 putatis
974 1311 1091 1360 potius
1119 1310 1298 1348 facturum
1317 1311 1449 1348 fuisse?

97 1373 246 1410 Etiamsi
267 1378 410 1423 propter
438 1373 633 1410 amicitiam
655 1373 760 1410 vellet
786 1373 888 1409 illum
910 1373 956 1410 ab
984 1373 1101 1410 inferis
1130 1387 1286 1419 evocare,
1307 1379 1451 1424 propter

98 1449 175 1472 rem
207 1435 390 1485 publicam
423 1448 495 1472 non
527 1436 674 1473 fecisset.
728 1436 814 1486 Ejus
847 1436 957 1485 igitur
989 1437 1111 1473 mortis
1143 1437 1274 1473 sedetis
1307 1437 1448 1483 ultores,

100 1499 223 1550 ⁷cujus
243 1499 352 1535 vitam
371 1499 399 1535 si
419 1499 550 1548 putetis
570 1512 633 1549 per
653 1512 713 1536 vos
733 1499 864 1535 restitui
886 1512 995 1549 posse,
1010 1499 1135 1544 nolitis,
1151 1500 1247 1536 etde
1269 1500 1342 1550 ejus
1362 1513 1449 1537 nece

99 1562 172 1599 lata
191 1562 342 1612 quaesstio
361 1567 422 1606 est,
443 1562 503 1612 qui
524 1562 551 1598 si
572 1562 702 1598 eadem
723 1562 802 1608 lege
823 1563 1026 1599 reviviscere
1049 1569 1173 1612 posset,
1193 1563 1266 1600 lata
1285 1564 1341 1600 lex
1362 1577 1451 1600 nun-

99 1638 210 1676 quam
232 1631 332 1662 esset.
386 1625 507 1676 Hujus
527 1638 613 1675 ergo
633 1625 833 1662 interfector
852 1626 878 1661 si
901 1631 1001 1671 esset,
1021 1626 1056 1661 in
1078 1627 1279 1663 confitendo
1294 1627 1340 1663 ab
1362 1627 1449 1664 iisne

99 1701 245 1739 poenam
277 1689 428 1734 timeret,
458 1702 546 1739 quos
575 1689 814 1726 liberavisset?
872 1694 930 1727 80.
960 1690 1075 1727 Gran-i
1108 1690 1268 1728 homines
1299 1692 1449 1729 deorum

98 1751 249 1789 honores
268 1752 433 1789 tribuunt
451 1752 492 1788 iis
513 1752 600 1797 viris,
616 1752 676 1803 qui
699 1760 867 1802 tyrannos
888 1759 1114 1790 necaverunt.
1170 1754 1260 1797 Quze
1282 1768 1350 1805 ego
1377 1755 1448 1792 vidi

98 1814 278 1852 Athenis?
307 1827 389 1864 quae
410 1814 485 1852 aliis
503 1814 540 1851 in
560 1815 709 1852 urbibus
730 1815 878 1852 Graeciae
896 1817 907 1852 ἓ
938 1815 1050 1866 ⁸quas
1079 1829 1132 1852 res
1160 1816 1300 1853 divinas
1319 1817 1450 1854 talibus

98 1877 276 1914 institutas
295 1877 403 1915 viris?
431 1891 522 1928 quos
542 1879 695 1916 cantus?
723 1892 806 1928 quae
836 1879 1019 1916 carmina?
1075 1879 1215 1930 ⁹Prope
1236 1880 1283 1916 ad
1303 1880 1450 1917 immor-

99 1940 244 1976 talitatis
263 1945 300 1976 et
326 1939 535 1990 religionem
559 1946 595 1978 ct
615 1941 826 1978 memoriam
850 1947 1112 1979 consecrantur.
1166 1942 1241 1979 Vos
1260 1943 1347 1979 tanti
1370 1956 1450 1979 con-

98 2008 316 2039 servatorem
332 2003 465 2052 populi,
477 2004 564 2040 tanti
583 2003 724 2041 sceleris
744 2004 897 2041 ultorem
916 2017 986 2041 non
1009 2005 1117 2042 modo
1132 2004 1326 2042 honoribus
1347 2005 1449 2040 nullis

100 2064 268 2109 afficietis,
285 2065 350 2102 sed
376 2065 485 2102 etiam
517 2066 565 2103 ad
593 2066 809 2117 supplicium
832 2067 906 2117 rapi
934 2067 1145 2117 patiemini?
1200 2066 1449 2112 confina-<etun

99 2126 338 2173 confiteretur,
357 2127 517 2178 inquam,
535 2129 562 2165 si
582 2129 731 2175 fecisset,
752 2135 787 2166 et
807 2143 940 2180 magno
959 2130 1082 2167 animo
1101 2135 1137 2167 et
1155 2130 1299 2176 libente,
1328 2129 1448 2167 fecisse

99 2188 144 2226 se
156 2189 330 2227 libertatis
349 2190 509 2227 omniurn
532 2204 648 2237 causa,
671 2193 805 2242 ¹⁰quod
820 2198 912 2229 esset
926 2193 956 2229 ei
977 2205 1047 2229 non
1063 2193 1307 2229 confitendum
1330 2193 1448 2238 modo,

100 2265 226 2289 verum
247 2252 357 2288 etiam
379 2253 658 2302 praedicandum.

179 2314 307 2351 XXX.
363 2318 422 2352 81.
450 2315 603 2359 Etenim,
622 2317 648 2352 si
678 2317 716 2354 id
737 2330 807 2354 non
836 2322 954 2367 negat,
978 2318 1043 2353 ¹ex
1065 2330 1137 2366 quo
1156 2316 1242 2352 nihil
1263 2317 1362 2366 petit.
1384 2317 1446 2353 nisi

101 2382 142 2414 ut
169 2370 384 2427 ignoscatur,
417 2378 600 2415 dubitaret
631 2379 673 2416 id
702 2379 812 2426 fateri,
841 2393 882 2417 cx
913 2392 984 2430 quo
1014 2378 1124 2415 etiam
1156 2379 1304 2429 praemia
1333 2378 1448 2417 laudis
