1596 2643
791 429 863 462 IN

265 564 366 642 L.
459 558 1393 639 CATILINAM

602 736 802 785 ORATIO
836 735 1058 816 TER'IJA,

483 881 608 931 AD
679 878 1155 940 QUIRITES

235 1165 263 1204 Ῑ.
320 1169 352 1203 1.
379 1165 470 1202 REM
496 1176 700 1211 PUBLIOAM,
722 1163 913 1210 ‘Quirites
934 1163 1121 1213 vitamque
1149 1162 1315 1200 omnium
1339 1165 1510 1207 vestrum,

158 1227 262 1276 bona,
280 1228 450 1275 fortunas,
471 1228 653 1278 conjuges,
673 1227 878 1277 liberosque
902 1231 1048 1272 vestrOS,
1069 1230 1178 1276 atque
1197 1225 1266 1262 hoc
1286 1224 1511 1262 domicilium

157 1291 343 1329 clarissimi
370 1291 524 1342 imperii,
543 1290 863 1328 fortunatissimam
892 1288 1249 1339 pulcherrimamque
1277 1287 1407 1324 urbem
1427 1287 1511 1323 2110-

157 1355 284 1393 djerno
298 1354 357 1392 die
373 1355 528 1392 deorum
545 1353 808 1390 immortalium
829 1365 974 1389 summo
989 1364 1077 1402 erga
1090 1364 1153 1388 vos
1173 1364 1306 1398 amore,
1319 1350 1511 1396 laboribus,

158 1417 322 1464 consiliis,
334 1417 502 1467 periculis
521 1417 622 1463 meis,
636 1429 680 1453 ex
700 1416 848 1452 flamma
868 1420 978 1465 atque
992 1414 1096 1460 ferro,
1109 1427 1150 1451 ac
1164 1427 1268 1464 paene
1289 1427 1332 1450 ex
1347 1413 1513 1450 faucibus

158 1480 221 1517 fati
243 1484 406 1530 ereptam
426 1483 463 1516 et
481 1479 583 1516 vobis
602 1483 849 1516 conservatam
870 1491 912 1514 ac
930 1478 1132 1514 restitutam
1153 1477 1292 1514 videtis.
1349 1481 1381 1513 2.
1408 1476 1464 1523 Et,
1483 1475 1512 1512 si

159 1556 231 1581 non
250 1543 371 1580 minus
391 1541 492 1580 nobis
515 1542 669 1592 jucundi
698 1547 806 1592 atquc
831 1541 984 1577 illustres
1002 1545 1086 1576 sunt
1104 1540 1128 1576 ii
1149 1540 1236 1587 dies,
1257 1540 1268 1557 ³
1281 1539 1413 1590 quibus
1433 1552 1514 1577 con-

159 1619 356 1652 servamur,
377 1618 487 1656 quam
519 1605 579 1651 illi,
601 1604 734 1655 quibus
764 1604 955 1650 nascimur,
977 1604 1077 1654 quod
1107 1603 1230 1640 salutis
1261 1608 1358 1640 certa
1390 1603 1514 1640 laetitia

159 1673 223 1716 est,
242 1668 413 1705 nascendi
442 1667 578 1704 incerta
607 1667 773 1713 conditio,
794 1671 831 1703 et
850 1667 950 1717 quod
977 1666 1052 1703 sine
1081 1679 1187 1703 sensu
1217 1665 1409 1713 nascimur,
1429 1679 1514 1703 cum

162 1731 344 1782 voluptate
374 1743 571 1777 servamur,
601 1730 769 1780 profecto,
799 1729 972 1780 quoniam
1001 1729 1136 1776 ⁴illum,
1165 1729 1229 1780 qui
1263 1729 1356 1766 hanc
1383 1729 1514 1766 urbem

160 1794 333 1841 condidit,
363 1794 413 1831 ad
442 1794 528 1831 deos
558 1793 780 1830 immortales
809 1793 1060 1830 benevolentia
1091 1792 1260 1843 famaque
1293 1792 1514 1840 sustulimus,

161 1870 236 1895 esse
257 1857 357 1908 apud
371 1869 433 1894 vos
452 1860 685 1906 posterosque
700 1860 834 1893 vestros
853 1855 891 1892 in
904 1855 1040 1893 honore
1055 1855 1204 1892 debebit
1222 1855 1261 1902 is,
1278 1855 1340 1906 qui
1361 1856 1515 1892 eandem

161 1919 255 1958 hanc
273 1920 405 1957 urbem
425 1919 631 1956 ⁶conditam
653 1918 986 1969 amplificatamque
1006 1918 1172 1955 servavit.
1219 1918 1317 1955 Nam
1338 1918 1401 1954 toti
1422 1918 1514 1965 urbi,

162 1982 315 2034 tempIIS,
336 1982 529 2029 “delubris‚
551 1982 653 2019 tectis
683 1995 726 2018 ac
755 1982 938 2019 moenibus
967 1982 1145 2032 subjectos
1174 1994 1283 2031 prope
1307 1982 1384 2031 jam
1413 1981 1515 2027 ignes

163 2046 476 2096 circumdatosque
504 2045 744 2092 restinximus,
766 2045 976 2095 ⁷iidcmque
996 2045 1136 2095 gladios
1166 2045 1203 2081 in
1232 2057 1311 2081 rem
1331 2043 1515 2093 publicam

163 2108 349 2146 destrictos
374 2108 588 2155 retudimus,
607 2120 872 2158 mucronesque
893 2121 1021 2145 eorum
1041 2121 1062 2144 a
1085 2107 1223 2158 jugulis
1243 2106 1367 2143 vestris
1388 2105 1514 2156 dejeci-

163 2184 255 2209 muS.
311 2175 344 2208 3.
373 2170 487 2215 ⁸Quae
509 2171 682 2222 quoniam
709 2171 746 2207 in
766 2175 893 2207 senatu
922 2171 1104 2217 illustrata,
1126 2170 1310 2220 patofiicta,
1332 2173 1515 2219 comperta

163 2239 247 2272 sunt
265 2247 329 2285 per
348 2247 420 2281 me,
439 2234 539 2271 vobis
563 2234 640 2285 jam
661 2247 840 2284 exponam
866 2234 1033 2279 breviter,
1054 2233 1222 2278 Quirites,
1243 2236 1283 2268 ut
1307 2237 1344 2268 et
1369 2236 1514 2283 quanta,

165 2302 204 2336 et
222 2310 334 2348 quam
356 2296 554 2344 manifesta,
567 2301 603 2334 et
623 2310 697 2348 qua
715 2297 852 2334 ratione
871 2297 1087 2347 investigata
1106 2300 1144 2332 et
1157 2295 1416 2346 comprehensa
1434 2295 1514 2343 sint,

166 2373 238 2409 vos,
260 2356 323 2412 qui
342 2360 524 2412 ignoratis,
544 2361 611 2398 ⁹ex
631 2360 719 2398 actis
737 2360 826 2397 scire
846 2360 995 2410 possitis.
