1596 2643
511 129 647 154 ORATIO
677 129 725 152 IV.
754 129 795 152 IN
825 127 1042 152 CATILINAM.
1400 115 1448 149 37

106 241 181 274 tem
200 249 222 273 a
241 236 306 273 diis
324 234 584 271 immortalibus
610 245 683 270 non
703 245 777 283 esse
796 231 956 282 supplicii
976 243 1083 268 causa
1103 230 1330 267 constitutam
1349 241 1357 273 3
1388 229 1448 265 >vd

107 304 170 337 aut
187 299 435 337 necessitatem
453 301 600 343 naturae,
621 301 682 333 aut
701 296 864 333 laborum
885 308 928 332 ac
946 294 1167 330 miseriarum
1188 292 1346 342 quietem
1368 304 1451 327 esse.

106 362 234 412 Itaque
260 374 342 399 eam
373 360 549 411 sapientes
578 371 767 409 nunquam
796 358 904 403 inviti,
936 358 1041 394 fortes
1060 369 1154 406 saepe
1175 356 1283 392 etiam
1304 354 1452 391 libenter

107 425 362 475 appetiverunt.
428 423 603 460 ‘'Vincula
627 435 718 468 vero,
749 426 785 458 et
804 434 846 458 ea
865 420 1090 470 sempiterna,
1121 423 1215 456 certe
1235 418 1281 454 ad
1301 416 1453 466 singula-

106 501 182 524 rem
212 500 357 537 poenam
388 486 508 524 nefarii
539 486 677 523 sceleris
706 485 851 522 inventa
882 488 973 520 sunt.
1044 482 1244 532 Municipiis
1282 479 1453 530 dispertiri

102 550 216 600 jubet.
269 550 418 587 Habere
438 549 576 586 videtur
595 549 683 585 “ista
702 561 756 584 res
769 547 1003 597 iniquitatem,
1017 546 1045 582 si
1063 546 1239 595 imperare
1259 543 1361 588 velis3
1391 542 1453 579 dif-

107 613 311 660 ficultatem,
331 613 359 650 si
386 625 520 663 rogare.
575 612 795 649 Decernatur
817 616 949 655 tamen,
968 610 997 646 si
1015 610 1142 660 placet.
1198 612 1230 645 8.
1258 608 1336 657 Ego
1357 606 1453 643 enim

107 677 306 727 suscipiam,
331 681 376 723 et,
402 681 442 713 ut
473 689 585 725 spero,
614 675 799 725 reperiam,
832 676 843 692 ⁷
857 675 917 724 qui
937 674 984 720 id,
1015 673 1116 723 quod
1145 671 1265 708 salutis
1290 670 1453 707 omnium

111 752 214 776 causa
232 739 510 786 statueritis,n0n
520 742 652 788 putent
665 751 739 776 esse
753 751 828 774 suae
850 737 1030 787 diguitatis
1048 748 1220 772 recusare.
1295 734 1453 783 ¹³Adjun-

109 802 160 852 git
177 815 325 852 gravem
343 815 490 852 poenam
509 801 719 851 municipiis,
750 801 777 836 si
798 800 877 850 quis
897 812 1020 837 eorum
1041 798 1180 835 vincula
1198 797 1349 847 rupelit3
1377 796 1455 833 hor-

108 864 225 902 ribiles
245 865 421 902 custodias
441 865 649 911 circumdat,
677 869 713 901 et
732 864 843 913 digna
869 863 1000 900 scelere
1025 862 1215 899 homiuum
1234 860 1454 910 perditorum

107 927 228 973 sancit,
256 940 301 964 ne
322 927 400 977 quis
420 941 544 965 eorum
563 940 719 978 poenam,
739 940 828 976 quos
849 926 1076 971 condemnat,
1109 928 1172 961 aut
1199 936 1262 974 per
1288 927 1454 960 senatum

111 994 172 1026 aut
190 1002 254 1039 per
267 990 439 1040 populum
454 990 569 1027 levare
583 990 709 1040 possit3
735 989 836 1039 eripit
851 989 961 1026 etiam
975 1002 1086 1038 spem,
1099 1000 1181 1038 quae
1201 987 1275 1024 sola
1293 986 1456 1023 homines

111 1051 145 1088 ’111
165 1052 312 1089 miseriis
331 1053 500 1090 consolari
519 1053 618 1090 solet.
672 1053 797 1089 ⁹B0na
817 1057 987 1102 praeterea
1006 1051 1177 1101 publicari
1192 1051 1317 1100 jubet:
1346 1049 1456 1086 vitam

108 1114 219 1152 solam
239 1115 404 1165 relinquit
423 1116 561 1152 nefariis
574 1116 797 1162 hominibus,
820 1116 966 1165 1⁰quam
986 1114 1014 1150 si
1029 1113 1219 1164 eripuisset,
1233 1112 1364 1149 multos
1384 1125 1457 1149 uno

113 1176 228 1214 dolore
260 1177 371 1214 animi
400 1183 510 1228 atque
531 1179 691 1228 corporis
712 1183 748 1215 et
767 1191 890 1215 01111105
920 1177 1094 1214 scelerum
1113 1189 1236 1226 poenas
1256 1175 1457 1212 ademisset.

113 1239 247 1290 ltaque,
266 1245 307 1276 ut
326 1240 447 1291 aliqua
464 1241 501 1278 in
521 1241 592 1278 vita
610 1241 762 1278 formido
781 1240 951 1290 improbis
966 1243 1056 1276 esset
1074 1239 1198 1289 posita,
1214 1238 1312 1288 apud
1330 1237 1457 1274 inferos

109 1302 282 1352 ejusmodi
312 1304 481 1354 quaedam
501 1304 547 1341 illi
568 1304 704 1354 antiqui
723 1303 894 1354 supplicia
921 1302 1036 1352 impiis
1057 1302 1246 1339 constituta
1266 1313 1339 1337 esse
1361 1300 1385 1317 ¹¹
1399 1313 1457 1337 vo-

110 1364 270 1412 luerunt3
298 1367 396 1416 quod
415 1366 580 1404 videlicet
597 1366 854 1417 intelligebant,
874 1366 929 1402 his
948 1365 1102 1412 remotis,
1122 1378 1194 1401 non
1212 1377 1287 1401 esse
1302 1368 1456 1401 mortem

110 1426 223 1477 ipsam
242 1429 574 1478 pertimescendam.

189 1490 234 1527 V.
289 1495 322 1528 9.
350 1491 468 1538 Nunc,
495 1492 620 1529 Patres
641 1491 835 1542 conscripti,
856 1504 924 1541 ego
943 1504 1027 1528 mea
1046 1491 1151 1527 video
1185 1490 1294 1540 ¹quid
1313 1489 1458 1526 intersit.

110 1552 147 1590 Si
168 1553 260 1589 eritis
277 1554 389 1591 secuti
408 1555 624 1592 sententiam
658 1554 698 1591 O.
718 1554 876 1600 Caesaris,
905 1554 1077 1604 quoniam
1096 1553 1190 1589 hanc
1208 1553 1236 1589 is
1254 1552 1292 1589 in
1311 1565 1348 1589 re
1368 1552 1459 1602 pub-

109 1614 178 1653 lica
196 1615 300 1663 w’am,
321 1629 402 1667 quae
422 1617 602 1668 popularis
621 1617 783 1664 habetur,
803 1622 944 1654 secutus
959 1621 1021 1663 est,
1040 1616 1184 1653 fortasse
1204 1616 1323 1652 minus
1343 1619 1457 1662 erunt,

110 1677 178 1715 hoc
197 1684 341 1717 auctore
361 1684 397 1717 et
416 1681 596 1731 cognitore
615 1681 763 1731 hujusce
783 1681 979 1726 sententiae,
993 1680 1081 1716 mihi
1101 1679 1288 1730 populares
1302 1680 1458 1729 impetus

109 1741 383 1791 pertimescendi
400 1755 408 1780 :
436 1744 489 1780 sin
517 1743 636 1780 ²illam
657 1744 814 1791 alteram,
834 1743 961 1789 nescio,
982 1756 1024 1780 an
1047 1742 1198 1792 amplius
1218 1742 1305 1778 mihi
1325 1742 1458 1792 negotii

110 1805 349 1844 contrahatur.
403 1807 477 1844 Sed
496 1812 618 1845 tamen
637 1820 801 1844 meorum
822 1807 1058 1857 periculorum
1090 1806 1242 1843 rationes
1263 1806 1394 1842 utilitas
1408 1807 1456 1844 rei

110 1867 264 1917 publicae
284 1868 433 1907 ³vincat.
487 1869 679 1907 Habemus
699 1870 794 1907 enim
824 1883 846 1906 a
865 1870 904 1906 C.
925 1869 1076 1916 Caesare,
1109 1869 1199 1906 sicut
1217 1869 1324 1918 ipsius
1345 1869 1458 1919 digni-

109 1933 174 1973 tas,
183 1935 220 1968 et
237 1932 415 1983 majorum
445 1933 520 1984 ejus
553 1933 752 1984 amplitudo
779 1932 992 1983 postulabat,
1017 1932 1246 1978 sententiam,
1266 1936 1454 1982 tamquam

110 1992 272 2031 obsidem
291 1999 473 2046 perpetuae
501 1995 537 2032 in
564 2009 642 2033 rem
667 1996 849 2046 publicam
882 1995 1082 2032 voluntatis.
1135 1994 1361 2031 Intellectum
1395 1999 1456 2040 est,

112 2052 222 2103 *quid
239 2055 375 2094 intersit
401 2057 492 2095 inter
510 2057 692 2095 levitatem
721 2058 1019 2104 concionatorum,
1040 2061 1076 2094 et
1095 2057 1257 2093 animum
1278 2069 1357 2092 vere
1373 2069 1458 2106 pop-

113 2116 258 2165 ularem,
281 2119 384 2157 saluti
411 2121 534 2171 populi
553 2122 812 2159 consulentem.
887 2125 946 2158 10.
974 2121 1094 2170 Yideo
1125 2120 1190 2156 ε’(10
1220 2119 1300 2164 istis,
1334 2119 1395 2169 qui
1418 2132 1456 2156 se

110 2181 299 2231 populares
317 2181 441 2220 haberi
461 2184 591 2231 volunt,
621 2185 744 2222 abesse
763 2198 834 2222 non
866 2184 1062 2229 neminem,
1095 2196 1140 2219 ne
1161 2183 1206 2219 de
1228 2181 1341 2231 capite
1362 2181 1457 2220 vide-

109 2242 193 2281 licet
211 2245 341 2282 civium
370 2245 617 2284 Romanorum
646 2247 861 2284 sententiam
889 2248 986 2284 ferat.
1040 2246 1074 2282 Is
1094 2250 1130 2281 et
1150 2244 1402 2281 muliustertius
1419 2244 1457 2282 in

111 2308 311 2355 custodiam
330 2308 422 2346 cives
436 2308 618 2348 Romanos
638 2311 748 2358 dedit,
764 2315 801 2348 et
819 2309 1115 2360 supplicationem
1135 2307 1223 2343 mihi
1239 2307 1406 2354 decrevit,
1421 2311 1457 2345 et

109 2369 243 2409 indices
262 2371 427 2410 hesterno
446 2372 504 2410 die
533 2373 698 2410 maximis
726 2373 881 2425 praemiis
912 2372 1037 2409 affecit.
1107 2370 1197 2408 Jam
1223 2368 1292 2408 hoc
1320 2370 1456 2408 nemini
