1571 2651
472 110 609 136 ORATIO
638 110 711 135 PRO
739 110 768 135 T.
797 110 919 135 ANNIO
949 111 1103 136 MILONE.
1382 104 1455 138 119

115 212 165 251 ln„
201 213 248 251 de
273 212 397 258 rheda,
415 212 546 263 rejecta
571 212 724 262 paenula,
745 212 953 259 desiluisset,
972 225 1083 262 seque
1109 212 1179 249 aeri
1200 212 1319 250 animo
1339 214 1458 250 defen-

115 276 226 318 detur,
243 275 304 323 illi,
323 275 384 326 qui
403 279 505 312 erant
524 287 605 312 cum
627 274 764 321 Clodio,
784 275 914 324 gladiis
939 274 1087 321 eductis,
1109 274 1258 325 ⁸partim
1277 288 1456 312 recurrere

116 338 162 375 ad
189 338 348 384 rhedam,
377 341 419 374 ut
447 350 469 374 a
498 341 598 387 tergo
617 337 790 374 Milonem
820 337 1049 384 adorirentur,
1072 338 1214 387 partim,
1235 338 1332 388 quod
1363 338 1458 390 huno

111 401 187 450 jam
214 399 442 438 intersectum
468 404 645 449 putarent,
676 400 812 436 caedere
839 399 1012 450 incipiunt
1042 400 1115 450 ejus
1142 413 1270 447 servos,
1292 400 1352 450 qui
1379 405 1458 450 post

115 467 226 509 erant,
246 475 290 499 ex
309 462 450 510 quibus,
470 462 532 513 qui
552 462 672 499 animo
691 462 786 499 fideli
805 462 841 498 in
861 463 1052 499 dominum
1072 467 1107 499 et
1126 463 1290 513 praesenti
1305 463 1456 509 fuerunt,

115 525 247 575 partim
274 524 380 564 occisi
407 529 499 572 sunt,
526 525 669 575 partim,
700 538 814 575 quum
845 525 893 562 ad
924 525 1076 562 rhedam
1103 525 1254 575 pugnari
1287 525 1457 572 viderent,

115 588 264 625 domino
281 600 482 628 sucoumeoe
497 588 782 638 prohiberentur,
802 588 974 625 Milonem
994 588 1152 625 occisum
1172 601 1215 625 ex
1235 588 1312 638 ipso
1333 588 1458 625 Clodio

116 651 290 697 audirent,
317 651 377 688 ⁹et
402 664 439 688 ,se
467 663 550 688 vera
576 655 755 700 putarent,
782 650 944 687 fec-erunt
970 651 1009 688 id
1037 651 1123 687 servi
1153 651 1293 688 Milonis
1322 650 1457 701 (dicam

115 714 213 751 enim
233 718 353 764 aperte
372 726 444 750 M
464 713 647 750 derivandi
677 713 832 750 criminis
853 727 968 760 causa,
988 715 1053 751 sed
1073 718 1113 750 ut
1130 714 1264 750 factum
1285 712 1363 764 est),
1393 726 1458 750 neo

114 777 325 827 imperante,
344 789 411 814 neo
437 776 581 822 sciente,
604 789 671 813 nee
698 781 871 826 praesente
900 777 1054 824 domino,
1075 778 1172 827 quod
1199 790 1279 814 suos
1308 777 1457 827 quisque

113 852 230 877 servos
248 839 286 876 in
304 839 368 876 tali
386 851 424 878 re
443 841 558 877 ‘sineere
577 839 752 876 voluisset.

195 902 261 939 XI.
316 906 376 939 30.
403 901 506 949 Eme,
520 901 613 939 sicut
627 902 783 952 exposui,
795 902 846 939 ita
864 907 966 952 gesta
984 908 1077 949 sunt,
1088 903 1246 953 judices3
1274 903 1458 939 insidiator

114 969 304 1015 superatus
333 969 407 1011 est3
435 964 468 1001 vi
487 964 583 1001 victa
601 965 661 1011 vis,
682 964 738 1001 vel
756 965 872 1014 potius
891 978 1057 1015 oppressa
1076 966 1205 1002 virtute
1225 965 1377 1002 audacia
1397 970 1458 1002 cst.

117 1027 239 1064 ¹Nihil
269 1028 358 1074 dieo,
380 1027 469 1078 quid
498 1040 553 1064 res
571 1027 717 1077 publica
745 1032 938 1065 consecuta
964 1028 1018 1075 sit,
1038 1029 1135 1075 nihil,
1156 1029 1243 1078 quid
1271 1042 1340 1074 vos,
1361 1028 1457 1074 nihil,

115 1091 206 1142 quid
225 1103 349 1128 omnes
368 1090 465 1130 bonie
517 1089 641 1126 ²Nihil
659 1103 744 1127 sane
763 1091 801 1128 id
820 1090 930 1141 prosit
947 1091 1080 1138 Miloni,
1096 1092 1156 1142 qui
1177 1092 1244 1128 hoc
1264 1092 1336 1128 fato
1356 1096 1458 1128 natus

115 1158 178 1202 est,
199 1157 242 1190 ut
268 1166 314 1190 ne
343 1166 380 1190 se
412 1153 561 1203 qui-,lem
590 1165 729 1190 servare
758 1154 921 1203 potuerit,
951 1154 1038 1204 quin
1069 1167 1142 1191 una
1171 1167 1246 1190 rein
1278 1154 1458 1204 publicam

115 1229 248 1267 vosque
277 1223 442 1253 servaret.
495 1215 534 1253 Si
559 1215 600 1253 id
621 1215 701 1266 jure
733 1215 806 1253 fieri
836 1229 908 1253 non
936 1216 1061 1266 potuit,
1089 1216 1179 1253 nihil
1205 1216 1332 1263 habeo,
1361 1216 1458 1266 quod

114 1280 319 1318 defendam.
372 1279 434 1316 Sin
453 1278 523 1318 hoo
550 1283 587 1316 et
606 1278 717 1316 ³ratio
735 1279 858 1326 doctis,
878 1284 914 1316 et
933 1280 1121 1317 necessitas
1138 1280 1306 1326 barbaris,
1327 1284 1362 1317 et
1381 1292 1459 1316 mos

114 1343 294 1394 gentibus,
314 1346 351 1380 et
378 1341 461 1380 feris
480 1341 589 1379 etiam
620 1341 746 1379 belluis
764 1346 894 1378 natura
911 1342 988 1392 ipsa
1014 1342 1234 1392 praescripsit,
1253 1347 1293 1378 ut
1312 1355 1458 1379 onmem

114 1418 256 1456 semper
273 1404 356 1451 vim,
376 1417 590 1455 quacunque
611 1417 678 1454 ope
692 1409 843 1454 possent,
864 1418 886 1441 a
905 1418 1059 1455 corpore,
1081 1418 1102 1441 a
1123 1405 1248 1455 capite,
1261 1419 1282 1442 a
1301 1406 1375 1443 vita
1393 1418 1459 1442 sua

115 1467 368 1519 propulsarent,
394 1479 467 1504 non
497 1466 642 1516 potestis
673 1466 743 1503 hoe
771 1466 908 1503 facinus
938 1467 1146 1517 improbum
1175 1468 1344 1518 judicare,
1372 1468 1459 1518 quin

115 1531 223 1568 simul
249 1527 425 1581 judicetis,
453 1529 631 1576 omnibus,
659 1529 721 1579 qui
747 1530 784 1566 in
810 1529 965 1567 latrones
995 1530 1192 1577 inciderint,
1225 1536 1287 1568 aut
1318 1531 1458 1568 illorum

115 1594 203 1640 telis,
223 1598 286 1630 aut
312 1592 434 1630 vestris
461 1592 642 1629 sententiis
670 1605 744 1629 esse
772 1593 1010 1642 pereundum.
1066 1597 1125 1630 31.
1153 1593 1263 1637 Quod
1281 1593 1309 1630 si
1327 1594 1377 1630 ita
1394 1607 1459 1644 pu-

115 1661 234 1703 tasset,
248 1659 350 1693 certe
378 1654 592 1705 “optabilius
612 1654 735 1692 Miloni
764 1654 831 1691 fuit
861 1655 946 1692 dare
972 1655 1143 1705 jugulum
1170 1656 1212 1693 P.
1232 1656 1368 1703 Clodio,
1387 1669 1459 1694 non

114 1720 227 1758 seme]
249 1720 296 1757 ab
314 1719 383 1766 illo,
403 1731 522 1768 neque
542 1723 622 1755 tum
643 1718 801 1768 primum
821 1718 987 1768 petitum,
1003 1732 1113 1769 quain
1130 1719 1284 1769 jugulari
1307 1733 1329 1757 a
1347 1721 1458 1768 vobis,

116 1784 204 1835 quia
221 1796 260 1821 se
277 1795 350 1820 non
373 1781 616 1833 jugulandum
635 1775 693 1818 ‘illi
714 1781 928 1819 tradidisset.
984 1782 1069 1819 5Sin
1086 1782 1156 1819 hoe
1174 1795 1282 1820 nemo
1301 1789 1458 1821 vestrum
1499 1782 1501 1784 ’

113 1848 167 1885 ita
192 1846 309 1894 sentit,
328 1846 416 1883 illud
441 1845 518 1896 jam
548 1845 585 1881 in
613 1845 793 1896 judic-ium
824 1845 931 1893 venit,
962 1859 1043 1892 non,
1073 1846 1254 1884 occisusne
1284 1847 1338 1893 sit,
1359 1848 1459 1897 quod

116 1911 294 1956 fatemur;
321 1909 387 1946 sed
409 1908 499 1959 jure,
520 1920 565 1944 an
593 1908 739 1958 injuria3
768 1908 867 1958 quod
886 1908 1009 1945 inultis
1027 1909 1064 1945 in
1084 1909 1197 1945 causis
1218 1922 1313 1959 saepe
1333 1909 1459 1960 quaesi-

115 1978 196 2010 tum
211 1977 274 2010 est.
327 1971 478 2010 Insidias
492 1970 603 2008 factas
622 1983 696 2008 esse
718 1976 864 2018 constat,
880 1976 916 2008 et
933 1971 972 2009 id
987 1976 1048 2018 est,
1063 1972 1160 2022 quod
1175 1976 1317 2009 senatus
1337 1977 1459 2009 eontra

115 2048 192 2072 rem
211 2033 397 2084 publicam
414 2033 552 2070 factum
575 2033 774 2083 judicavit3
803 2034 849 2071 ab
871 2038 950 2070 utro
976 2034 1080 2071 t'actae
1099 2034 1178 2082 sint,
1198 2034 1374 2071 incertum
1396 2039 1458 2072 est.

117 2098 196 2135 “De
216 2097 284 2135 hoe
302 2096 412 2146 igitur
429 2096 542 2133 latum
564 2101 616 2134 est
643 2089 684 2133 ut
703 2102 929 2146 quaereretur.
982 2097 1039 2134 Ita
1058 2102 1095 2135 et
1121 2102 1263 2135 senatus
1282 2110 1367 2144 rem,
1387 2110 1458 2134 non

115 2160 313 2206 hominem,
334 2159 500 2207 ⁷n0tavit‚
521 2164 558 2196 et
571 2159 767 2210 Pompeius
786 2160 831 2197 de
845 2160 936 2210 jure,
950 2173 1021 2198 non
1041 2161 1087 2198 de
1105 2160 1207 2206 facto,
1223 2160 1457 2209 quaestionem

117 2224 206 2261 tulit.

194 2285 280 2322 XII.
333 2283 527 2334 Numquid
554 2283 663 2334 igitur
689 2285 787 2322 aliud
805 2285 842 2321 in
865 2286 1043 2335 judicium
1072 2285 1177 2331 venit,
1197 2285 1270 2331 nisi,
1293 2289 1370 2323 uter
1389 2287 1457 2322 utri

115 2348 260 2386 insidias
287 2346 435 2387 secent?
488 2346 651 2384 Profecto
677 2347 788 2394 nihi13
818 2348 867 2384 ¹si
887 2347 946 2384 hic
963 2348 1021 2394 illi,
1042 2352 1144 2384 utne
1163 2347 1206 2384 sit
1232 2347 1402 2398 impune3
1430 2348 1456 2386 si

115 2409 174 2448 ille
191 2410 284 2457 huic,
303 2414 384 2447 tum
403 2422 466 2446 nos
483 2409 612 2447 scelere
631 2410 818 2448 solvamur.
