1571 2651
516 142 652 168 omno
680 142 753 167 PRO
782 142 878 166 LEGE
905 141 1079 167 MANILIA.
1415 134 1463 167 99

129 245 164 282 in
183 245 437 295 Pamphyliam
458 244 593 295 legatos
612 245 931 294 deprecatoresque
952 243 1135 288 misissent,
1155 255 1258 292 spem
1279 243 1466 280 deditionis

129 320 199 345 non
225 308 367 354 ademit,
387 308 598 357 obsidesque
627 307 820 357 imperavit.
874 307 930 343 Ita
958 311 1098 342 tantum
1124 306 1269 352 bellum,
1289 310 1364 341 tam
1394 307 1467 342 diu-

129 374 288 417 turnum,
308 375 385 407 tam
411 370 517 420 longe
544 369 687 419 lateque
706 369 915 419 dispersum,
937 381 1010 418 quo
1029 368 1122 405 bello
1141 381 1263 405 onmes
1282 373 1406 417 gentes
1426 382 1467 405 ae

129 432 288 470 nationes
315 433 580 482 premebantur,
611 432 675 468 Cn,
707 431 902 481 Pompeius
933 435 1094 467 extrema
1125 429 1244 466 hieme
1277 431 1466 480 apparavit,

129 493 272 531 ineunte
291 507 371 532 vere
391 495 555 544 suscepit,
574 495 695 531 media
714 499 836 531 aestate
857 493 1016 531 confecit.

207 557 311 594 XIII.
365 561 425 594 36.
455 557 537 594 1Ε81;
564 557 644 594 haec
663 557 782 594 divina
809 561 919 607 atque
951 555 1165 593 incredibilis
1185 555 1291 592 virtus
1317 555 1468 605 impera-

129 619 222 656 toris.
276 619 405 665 ²Quid‚
434 625 568 666 ceterae,
601 633 687 669 quas
713 619 820 669 paulo
849 623 931 655 ante
961 631 1246 655 commemorare
1280 631 1467 667 coeperam,

130 686 272 731 quantae
306 687 414 732 atque
447 695 557 731 quam
595 681 717 718 multae
755 682 857 718 sunt?
911 681 995 718 Non
1033 681 1129 717 enim
1166 680 1322 717 bellandi
1359 680 1468 716 virtus

129 744 243 780 solum
261 744 298 780 in
316 756 459 781 summo
479 757 521 780 ac
539 744 693 793 perfeeto
719 743 933 793 imperatore
954 743 1149 792 quaerenda
1169 747 1230 788 est,
1250 742 1313 779 sed
1345 742 1467 778 multae

128 811 212 843 sunt
249 810 341 843 artes
379 806 529 853 eximiae,
566 806 671 856 hujus
709 805 923 842 administrae
962 805 1178 854 comitesque
1217 804 1359 841 xii-tutis.
1414 805 1469 842 Ac

128 868 295 920 primum,
326 869 483 918 ‘'quanta
527 869 728 905 innocentia
766 868 899 905 debent
935 881 1009 904 esse
1044 867 1294 917 imperatores!
1336 872 1470 917 quanta

129 931 260 968 deinde
287 931 324 967 in
352 931 517 968 omnibus
537 931 641 967 rebus
661 930 917 980 temperantia!
946 935 1081 979 quanta
1107 930 1188 976 fide,
1208 934 1343 980 quanta
1364 929 1470 966 facili-

129 997 213 1040 tate,
241 998 376 1044 quanto
407 994 561 1044 ingenio,
592 998 728 1044 quanta
763 993 1009 1030 humanitate!
1049 1006 1130 1044 quae
1160 993 1322 1039 bleviter,
1351 993 1471 1043 qualia

129 1056 198 1093 sint
227 1056 264 1093 111
293 1057 357 1094 Cn.
384 1057 569 1107 Pompeio,
598 1057 870 1094 consideremus.
923 1056 1076 1093 Summa
1104 1056 1200 1093 enim
1227 1056 1349 1093 omnia
1377 1061 1469 1104 sunt,

130 1117 295 1165 Quirites,
314 1119 379 1155 sed
410 1131 455 1155 ea
485 1119 601 1168 magis
629 1118 695 1155 ‘'ex
729 1118 879 1155 aliorum
914 1118 1146 1164 contentione,
1167 1131 1279 1168 quam
1306 1118 1382 1168 ipsa
1408 1131 1471 1168 per

129 1194 205 1219 sese
225 1181 391 1232 cognosci
419 1186 526 1231 atque
553 1181 701 1231 intelligi
728 1186 884 1231 possunt.
940 1181 999 1218 37.
1028 1181 1147 1224 Quem
1168 1182 1264 1218 enim
1282 1181 1471 1231 imperato-

129 1257 206 1281 rem
225 1257 412 1294 possumus
433 1244 526 1281 ε’11110
543 1244 580 1280 111
607 1257 757 1280 numero
782 1249 916 1294 putare,
937 1244 1034 1294 cujus
1060 1244 1096 1280 in
1117 1244 1273 1281 exercitu
1301 1244 1471 1280 centuria-

129 1311 186 1344 tus
223 1311 375 1345 veneant
412 1312 520 1357 atque
557 1307 752 1344 venierint?
792 1307 902 1357 6(1111(1
939 1307 1038 1344 1111110
1069 1307 1256 1344 1101111110111
1292 1321 1470 1357 magnum

129 1373 193 1407 aut
211 1369 373 1420 amplum
393 1370 438 1407 (10
465 1383 502 1406 10
530 1369 672 1419 publica
700 1370 866 1420 cogitare,
887 1370 949 1420 qui
974 1370 1174 1420 pecuniam,
1195 1383 1240 1407 ex
1268 1370 1392 1407 aerario
1412 1371 1472 1407 de-

132 1436 337 1482 promptam
369 1432 416 1470 ad,
442 1431 578 1468 bellum
610 1431 944 1478 administrandum,
970 1436 1032 1468 aut
1059 1436 1201 1482 propter
1228 1432 1470 1482 cupiditatem,

132 1493 317 1543 provinciae
346 1494 616 1543 magistratibus
644 1493 808 1540 diviserit,
827 1498 890 1530 aut
917 1499 1058 1543 propter
1078 1494 1270 1541 avaritiam,
1290 1494 1415 1531 Romae
1434 1495 1468 1531 111

131 1561 270 1605 quaestu
298 1556 498 1606 reliquerit?
552 1556 705 1593 ⁷Vestra
732 1556 1020 1593 admurmuratio
1046 1556 1139 1602 facit,
1160 1556 1323 1604 Quirites,
1342 1561 1383 1593 ut
1411 1571 1471 1607 ag-

130 1631 274 1656 noscere
293 1618 495 1665 videamini,
516 1618 577 1668 qui
596 1618 675 1655 haec
694 1618 857 1655 fecerint:
878 1631 947 1668 ego
966 1623 1086 1655 autem
1107 1619 1250 1656 nomino
1269 1619 1470 1668 neminem3

131 1694 242 1732 quare
260 1681 360 1718 irasci
389 1681 477 1717 mihi
504 1694 612 1719 nemo
631 1681 767 1731 poterit,
789 1680 801 1698 ⁵
814 1681 879 1718 nisi
898 1682 958 1731 qui
986 1686 1068 1719 ante
1096 1682 1142 1719 de
1167 1695 1204 1719 se
1225 1683 1372 1720 voluerit
1391 1697 1471 1721 con-

132 1743 232 1781 fiteri.
287 1748 347 1781 38.
374 1744 510 1794 Itaque,
537 1749 682 1794 propter
709 1743 803 1781 hano
822 1745 1007 1781 avaritiam
1036 1746 1301 1795 imperatorum,
1321 1751 1471 1796 quantas

131 1806 360 1853 calamitates,
388 1820 602 1857 quoeunque
635 1811 784 1844 ventum
811 1808 863 1854 sit,
883 1808 990 1844 nostri
1019 1808 1193 1845 exercitus
1222 1809 1366 1856 ⁹ferant,
1393 1810 1471 1860 quis

131 1869 295 1920 ignorat?
334 1869 512 1917 ¹⁰Itinera,
533 1883 614 1920 quae
634 1883 698 1920 per
717 1870 823 1908 hosce
852 1883 962 1907 annos
985 1871 1021 1907 in
1042 1871 1144 1907 Italia
1157 1884 1221 1921 per
1241 1885 1343 1922 agros
1362 1877 1470 1922 atque

130 1931 264 1982 oppida
292 1931 423 1968 civium
451 1931 697 1969 Romanorum
730 1934 839 1970 nostri
872 1933 1105 1983 imperatores
1130 1933 1286 1980 fecerint,
1311 1935 1471 1971 recorda-

130 1993 239 2040 mini;
267 1997 345 2030 tum
363 1993 495 2031 facilius
513 1995 682 2041 statuetis,
703 1995 791 2045 quid
811 1996 907 2046 apud
928 2000 1063 2045 exteras
1081 1996 1242 2033 nationes
1262 1997 1334 2033 fieri
1355 1997 1471 2033 existi-

132 2055 245 2094 metis.
300 2056 324 2073 ¹¹
337 2055 468 2093 Utrum
481 2057 598 2108 plures
618 2058 836 2095 arbitramini
850 2072 914 2109 per
932 2058 1039 2096 110800
1055 2072 1165 2096 annos
1177 2059 1328 2096 militum
1345 2064 1471 2096 vestro-

134 2131 214 2155 rum
252 2118 362 2155 armis
388 2118 543 2157 hostium
572 2120 688 2168 urbes,
717 2134 762 2158 an
799 2121 953 2159 hibernis
990 2121 1163 2158 sociorum
1202 2122 1358 2159 civitates
1397 2135 1470 2159 esse

133 2180 291 2218 deletas?
345 2180 472 2231 Neque
505 2182 601 2220 enim
632 2187 749 2233 potest
775 2184 970 2220 exercitum
999 2184 1027 2220 18
1060 2184 1237 2220 continere
1270 2183 1470 2234 imperator,

133 2242 196 2292 qui
226 2256 264 2280 se
296 2243 370 2293 ipsc
398 2256 468 2281 non
506 2245 681 2292 continet3
708 2259 825 2296 neque
855 2259 993 2283 severus
1014 2259 1087 2282 esse
1115 2246 1150 2281 in
1176 2246 1380 2295 judicando,
1410 2246 1472 2296 qui

133 2304 218 2343 alios
235 2305 271 2342 in
289 2318 327 2342 sc
346 2318 484 2343 severos
498 2319 571 2344 esse
586 2307 724 2356 judices
744 2321 815 2345 non
837 2309 918 2345 vult.
958 2313 1017 2345 39.
1045 2308 1117 2344 Hic
1136 2308 1318 2355 miramur,
1340 2308 1471 2347 ²²huno

135 2360 324 2406 hominem
337 2372 478 2406 tantum
496 2369 665 2408 excellere
684 2371 817 2417 ceteris,
837 2371 936 2421 cujus
954 2371 1110 2420 legiones
1129 2370 1178 2409 sie
1196 2371 1232 2408 in
1250 2371 1376 2409 Asiam
1394 2385 1472 2423 per-
