1596 2643
539 107 676 133 ORATIO
705 108 779 133 PRO
807 108 840 137 Q.
867 107 1035 134 LIGARIO.
1409 100 1457 137 73

111 210 242 257 Caesar,
260 215 394 261 putare,
414 211 460 248 de
490 210 595 247 unius
625 211 739 260 eapite
769 223 833 247 nos
863 222 993 260 agere:
1027 215 1092 247 aut
1118 215 1189 248 tres
1217 212 1229 230 ⁷
1242 213 1306 249 tibi
1327 214 1457 263 Ligarii

110 274 285 311 retinendi
304 273 342 309 in
360 273 502 310 civitate
520 278 612 319 sunt,
627 278 690 310 aut
708 278 777 309 tres
797 287 840 310 ex
856 274 999 310 civitate
1015 274 1290 312 exterminandi.
1335 276 1458 318 Quod-

110 336 162 372 vis
180 335 344 372 exsilium
364 335 419 372 his
439 341 492 372 est
510 336 674 385 optatius,
696 349 808 385 quam
836 336 959 385 patria,
979 349 1092 386 quam
1114 337 1255 382 domus,
1275 350 1386 387 quam
1407 339 1456 375 dii

108 406 265 451 penates,
301 413 372 438 uno
403 400 462 437 illo
493 400 687 438 exsulante.
755 400 791 437 si
823 401 986 446 fraterne,
1013 401 1040 437 si
1060 401 1127 451 pie,
1155 401 1184 437 si
1217 414 1302 437 cum
1337 401 1456 438 dolore

108 464 252 511 faciunt,
270 469 442 502 moveant
460 469 495 501 te
507 464 637 501 horum
656 463 823 510 laerimae,
838 469 981 501 moveat
1000 464 1120 514 pietaS,
1132 470 1276 501 moveat
1296 464 1307 482 ‘³
1317 477 1457 514 germa-

107 528 220 575 nitas3
249 527 362 564 valeat
381 532 445 564 tua
463 540 532 564 vox
551 527 620 573 illa,
642 540 724 577 quae
746 527 838 564 vicit.
889 527 939 564 Tc
959 527 1057 564 enim
1078 527 1196 564 dicere
1216 527 1456 564 audiebamus

107 603 170 627 nos
188 603 314 627 omnes
332 589 553 627 adversarios
570 594 708 640 putare,
719 590 783 625 nisi
800 589 862 640 qui
881 590 1069 626 nobiscum
1090 598 1226 627 essent:
1248 591 1304 627 ⁹te
1320 603 1454 637 omnes,

108 652 168 703 qui
196 657 319 689 eontra
345 657 380 689 te
399 665 472 689 non
491 657 617 698 essent,
637 656 728 689 tuos.
781 652 939 689 Videsne
966 652 1077 702 igitur
1103 652 1201 689 hunc
1227 653 1453 703 splendorem

105 715 280 761 omnium,
307 715 401 751 hanc
427 714 673 752 Brocchorum
703 715 868 762 domum,
893 715 993 752 hune
1012 715 1051 752 L.
1071 715 1260 762 Marcium,
1280 716 1320 752 C.
1340 716 1454 753 Caese-

105 777 211 824 tium,
233 777 309 814 ¹⁰L.
328 777 540 823 Corfidium,
566 777 673 815 hosce
701 790 825 815 omnes
853 778 991 828 equites
1019 778 1213 825 Romanos,
1232 779 1294 829 qui
1322 780 1454 816 adsunt

107 839 240 877 ¹¹veste
259 844 412 887 mutata,
433 853 505 877 non
523 839 639 877 solum
658 844 761 877 notos
779 840 856 887 tibi,
876 853 1000 878 verum
1019 841 1130 878 etiam
1148 841 1314 891 probatos
1335 841 1453 878 viros?

105 902 242 939 Tecum
269 902 424 939 fuerunt.
485 902 608 952 Atque
636 901 691 938 his
718 902 972 950 irascebamur,
1000 903 1065 940 hos
1091 903 1371 953 requirebamus,
1399 903 1454 940 his

105 963 264 1002 nonnulli
301 964 412 1002 etiam
448 964 687 1002 minabantur.
756 965 976 1002 ¹²Conserva
1012 965 1122 1015 igitur
1153 966 1224 1002 tuis
1256 978 1360 1003 suos:
1402 970 1452 1013 ut,

105 1027 419 1078 quemadmodum
447 1032 574 1074 cetera,
594 1040 677 1078 quae
710 1027 808 1065 dicta
836 1032 921 1064 sunt
950 1041 972 1065 a
1000 1033 1045 1075 te,
1065 1028 1115 1066 sic
1138 1028 1208 1066 hoe
1226 1029 1450 1066 verissimum

102 1091 308 1141 reperiatur.

181 1153 267 1191 ΧΠ.
322 1157 382 1190 34.
410 1153 519 1197 Quod
532 1153 560 1189 si
574 1153 716 1203 penitus
731 1154 929 1204 perspicere
943 1167 1063 1204 posses
1084 1155 1093 1172 ¹
1106 1155 1333 1192 concordiam
1348 1154 1453 1204 Liga-

102 1217 246 1264 riorum,
266 1229 391 1254 omnes
409 1216 534 1253 fratres
548 1221 669 1253 tecum
682 1217 865 1267 judicares
883 1217 998 1254 fuisse.
1050 1218 1112 1254 An
1127 1222 1243 1268 potest
1257 1218 1450 1268 quisquam

102 1280 278 1327 dubitare,
298 1276 394 1330 quin,
406 1279 432 1316 si
446 1279 490 1324 Q.
504 1279 665 1330 Ligarius
684 1280 721 1316 in
736 1280 841 1317 Italia
855 1281 866 1297 ²
877 1294 952 1318 esse
972 1281 1153 1330 potuisset,
1173 1281 1211 1317 in
1225 1282 1355 1318 eadem
1374 1294 1452 1318 sen-

101 1343 214 1380 tentia
231 1343 352 1380 fuisset
365 1342 516 1389 futurus,
535 1342 572 1379 in
587 1355 661 1393 qua
672 1342 794 1380 fratres
812 1343 984 1381 fuerunt?
1039 1343 1050 1360 ³
1061 1344 1151 1387 Quis
1166 1349 1228 1391 est,
1243 1344 1305 1394 qui
1318 1344 1451 1381 horum

102 1419 316 1444 consensum
335 1406 608 1455 conspirantem,
629 1410 666 1442 et
683 1418 786 1455 paene
802 1406 1008 1452 conflatum,
1029 1407 1067 1443 in
1086 1407 1154 1444 hac
1173 1420 1283 1457 prope
1304 1407 1450 1457 :equali-

101 1474 173 1505 tate
192 1469 350 1506 fraterna
367 1481 439 1505 non
459 1468 621 1505 noverit?
650 1468 713 1518 qui
733 1469 801 1506 1100
821 1482 892 1506 non
911 1470 1051 1515 sentiat,
1072 1470 1212 1520 quidvis
1232 1470 1329 1520 prius
1355 1471 1450 1507 futu-

100 1545 180 1568 rum
199 1531 316 1577 fuisse,
335 1543 446 1580 quam
467 1535 507 1567 ut
534 1530 569 1567 hi
588 1531 713 1567 fratres
743 1532 898 1568 diversas
927 1533 1119 1569 sententias
1148 1533 1378 1583 fortunasque
1397 1547 1450 1571 se-

101 1595 319 1644 querentur?
373 1592 593 1630 ⁴Voluntate
612 1593 724 1643 igitur
743 1607 867 1631 omnes
888 1599 1008 1631 tecum
1038 1595 1204 1632 fuerunt:
1232 1600 1447 1646 tempestate

99 1658 269 1708 abreptus
288 1661 342 1694 est
355 1656 477 1704 unus;v
496 1657 557 1707 qui
586 1657 614 1693 si
635 1657 777 1694 consilio
806 1658 844 1694 id
873 1658 1021 1704 fecisset,
1042 1663 1133 1695 esset
1163 1672 1287 1696 eorum
1316 1660 1447 1706 similis,

99 1733 188 1770 quos
206 1725 246 1756 tu
265 1724 388 1756 tamen
407 1719 522 1756 salvos
541 1732 616 1756 esse
636 1719 784 1756 voluisti.
841 1725 900 1757 35.
930 1720 1024 1757 ⁵Sed
1048 1721 1129 1758 ierit
1148 1722 1195 1759 ad
1216 1722 1361 1768 bellum,
1381 1723 1448 1760 dis—

99 1783 238 1820 cesserit
269 1795 341 1820 non
361 1795 383 1819 a
401 1787 438 1819 te
457 1781 584 1828 solum,
604 1795 730 1819 verum
759 1783 868 1819 etiam
899 1796 922 1820 a
953 1783 1128 1831 fratn'bus,
1148 1784 1186 1820 hi
1206 1789 1242 1821 te
1262 1789 1363 1821 orant
1382 1785 1447 1823 tui.

99 1846 311 1896 ⁰Equidem,
333 1858 448 1896 quum
467 1845 538 1882 tuis
553 1845 719 1883 omnibus
738 1846 891 1896 negotiis
911 1846 1127 1894 interessem,
1143 1848 1317 1885 memoria
1331 1853 1446 1895 teneo,

98 1909 211 1960 qualis
229 1913 310 1945 tum
324 1909 363 1945 T.
382 1908 544 1959 Ligarius
565 1913 721 1959 quaestor
736 1909 893 1946 urbanus
912 1909 1018 1946 fuerit
1032 1923 1118 1960 erga
1132 1915 1167 1947 te
1183 1915 1219 1948 et
1233 1911 1445 1960 dignitatem

97 1976 210 2008 tuam.
263 1971 336 2008 Sed
365 1984 494 2022 parum
519 1975 573 2008 est
602 1984 662 2008 mc
692 1971 761 2008 hoc
790 1972 1016 2009 meminisse:
1044 1986 1148 2023 spero
1177 1974 1287 2010 etiam
1314 1978 1360 2020 te,
1381 1973 1441 2024 qui

96 2034 253 2072 oblivisci
272 2034 361 2071 nihil
378 2034 467 2071 soles
486 2034 551 2070 nisi
571 2034 723 2084 injurias,
744 2035 755 2051 ⁷
767 2035 938 2085 quoniam
966 2035 1034 2073 hoc
1054 2040 1107 2072 est
1134 2036 1253 2082 animi,
1275 2036 1443 2086 quoniam

97 2097 207 2135 etiam
224 2096 359 2147 ingenii
377 2097 441 2143 tui,
463 2096 520 2134 ‘’te
540 2097 676 2147 aliquid
695 2097 742 2134 dc
770 2097 875 2148 hujus
902 2097 961 2135 1110
980 2098 1170 2148 quaestorio
1189 2098 1311 2143 officio,
1332 2098 1442 2134 etiam

97 2159 142 2196 de
163 2158 236 2196 aliis
256 2159 475 2209 quibusdam
488 2159 723 2210 quaestoribus
742 2160 1029 2197 reminiscentem
1052 2160 1239 2197 recordari.
1288 2164 1347 2196 36.
1371 2160 1442 2197 Hie

98 2221 210 2272 igitur
228 2222 267 2258 T.
287 2221 459 2271 Ligarius,
479 2222 541 2272 qui
561 2227 638 2259 tum
660 2222 747 2259 nihil
777 2223 853 2273 egit
873 2223 972 2259 aliud
993 2222 1126 2274 (neque
1148 2223 1244 2259 enim
1264 2222 1341 2259 haec
1355 2223 1442 2260 divi-

95 2283 232 2336 nabat),
253 2284 319 2321 nisi
338 2290 380 2320 ut
398 2289 437 2320 tu
463 2297 547 2321 eum
568 2285 620 2321 tui
650 2286 861 2331 studiosum,
882 2290 919 2322 ct
938 2286 1075 2322 bonum
1106 2285 1222 2321 virum
1250 2285 1440 2335 judicares,

94 2359 191 2384 nunc
209 2360 232 2384 a
249 2346 453 2397 tesupplex
473 2346 589 2384 fratris
607 2347 761 2385 salutem
781 2348 881 2398 petit.
936 2347 1078 2391 ”Quam
1110 2347 1216 2397 hujus
1236 2348 1439 2386 admonitus
