<?xml version="1.0" encoding="UTF-8"?>
<!DOCTYPE html PUBLIC "-//W3C//DTD XHTML 1.0 Transitional//EN"
    "http://www.w3.org/TR/xhtml1/DTD/xhtml1-transitional.dtd">
<html xmlns="http://www.w3.org/1999/xhtml" xml:lang="en" lang="en">
 <head>
  <title>
</title>
<meta http-equiv="Content-Type" content="text/html;charset=utf-8" />
  <meta name='ocr-system' content='tesseract 3.04.00' />
  <meta name='ocr-capabilities' content='ocr_page ocr_carea ocr_par ocr_line ocrx_word'/>
</head>
<body>
  <div class='ocr_page' id='page_1' title='image "./selectorations00ciceuoft_0157.png"; bbox 0 0 1571 2651; ppageno 0'>
   <div class='ocr_carea' id='block_1_1' title="bbox 457 124 1442 170">
    <p class='ocr_par' dir='ltr' id='par_1_1' title="bbox 457 124 1442 170">
     <span class='ocr_line' id='line_1_1' title="bbox 457 124 1442 170; baseline -0.007 0"><span class='ocrx_word' id='word_1_1' title='bbox 457 144 594 170; x_wconf 78' lang='lat' dir='ltr'>ORATIO</span> <span class='ocrx_word' id='word_1_2' title='bbox 623 143 696 168; x_wconf 75' lang='lat' dir='ltr'>PRO</span> <span class='ocrx_word' id='word_1_3' title='bbox 724 142 754 166; x_wconf 81' lang='lat' dir='ltr'>T.</span> <span class='ocrx_word' id='word_1_4' title='bbox 783 140 905 165; x_wconf 81' lang='lat' dir='ltr'>ANNIO</span> <span class='ocrx_word' id='word_1_5' title='bbox 934 139 1090 164; x_wconf 78' lang='lat' dir='ltr'>MILONE.</span> <span class='ocrx_word' id='word_1_6' title='bbox 1370 124 1442 163; x_wconf 61' lang='lat'>137</span> 
     </span>
    </p>
   </div>
   <div class='ocr_carea' id='block_1_2' title="bbox 99 239 1460 2430">
    <p class='ocr_par' dir='ltr' id='par_1_2' title="bbox 99 239 1456 1865">
     <span class='ocr_line' id='line_1_2' title="bbox 99 239 1432 303; baseline -0.011 -13"><span class='ocrx_word' id='word_1_7' title='bbox 99 251 247 303; x_wconf 77' lang='lat' dir='ltr'>proinde</span> <span class='ocrx_word' id='word_1_8' title='bbox 267 249 369 302; x_wconf 84' lang='lat' dir='ltr'>quasi</span> <span class='ocrx_word' id='word_1_9' title='bbox 396 252 554 286; x_wconf 82' lang='lat' dir='ltr'>nostram</span> <span class='ocrx_word' id='word_1_10' title='bbox 572 246 687 297; x_wconf 81' lang='lat' dir='ltr'>ipsam</span> <span class='ocrx_word' id='word_1_11' title='bbox 706 249 880 289; x_wconf 77' lang='lat' dir='ltr'>mentem,</span> <span class='ocrx_word' id='word_1_12' title='bbox 900 255 974 293; x_wconf 88' lang='lat' dir='ltr'>qua</span> <span class='ocrx_word' id='word_1_13' title='bbox 1000 241 1168 292; x_wconf 73' lang='lat' dir='ltr'>sapimuS,</span> <span class='ocrx_word' id='word_1_14' title='bbox 1196 252 1262 279; x_wconf 77' lang='lat' dir='ltr'>ma</span> <span class='ocrx_word' id='word_1_15' title='bbox 1288 239 1432 289; x_wconf 82' lang='lat' dir='ltr'>provide</span> 
     </span>
     <span class='ocr_line' id='line_1_3' title="bbox 99 302 1447 364; baseline -0.01 -13"><span class='ocrx_word' id='word_1_16' title='bbox 99 327 191 361; x_wconf 82' lang='lat' dir='ltr'>mus,</span> <span class='ocrx_word' id='word_1_17' title='bbox 213 326 285 364; x_wconf 85' lang='lat' dir='ltr'>qua</span> <span class='ocrx_word' id='word_1_18' title='bbox 303 313 384 349; x_wconf 88' lang='lat' dir='ltr'>haec</span> <span class='ocrx_word' id='word_1_19' title='bbox 401 311 477 361; x_wconf 86' lang='lat' dir='ltr'>ipsa</span> <span class='ocrx_word' id='word_1_20' title='bbox 497 310 638 360; x_wconf 80' lang='lat' dir='ltr'>agimus</span> <span class='ocrx_word' id='word_1_21' title='bbox 658 321 700 345; x_wconf 84' lang='lat' dir='ltr'>ac</span> <span class='ocrx_word' id='word_1_22' title='bbox 719 307 880 351; x_wconf 85' lang='lat' dir='ltr'>dicimus,</span> <span class='ocrx_word' id='word_1_23' title='bbox 901 306 1021 342; x_wconf 72' lang='lat' dir='ltr'>videre</span> <span class='ocrx_word' id='word_1_24' title='bbox 1037 309 1099 341; x_wconf 85' lang='lat' dir='ltr'>aut</span> <span class='ocrx_word' id='word_1_25' title='bbox 1117 304 1230 353; x_wconf 55' lang='lat' dir='ltr'>plane,</span> <span class='ocrx_word' id='word_1_26' title='bbox 1253 302 1366 352; x_wconf 83' lang='lat' dir='ltr'>qualis</span> <span class='ocrx_word' id='word_1_27' title='bbox 1385 306 1447 338; x_wconf 87' lang='lat' dir='ltr'>aut</span> 
     </span>
     <span class='ocr_line' id='line_1_4' title="bbox 100 364 1448 424; baseline -0.01 -11"><span class='ocrx_word' id='word_1_28' title='bbox 100 376 235 418; x_wconf 75' lang='lat' dir='ltr'>ubisit,</span> <span class='ocrx_word' id='word_1_29' title='bbox 255 374 385 412; x_wconf 79' lang='lat' dir='ltr'>sentire</span> <span class='ocrx_word' id='word_1_30' title='bbox 413 372 595 424; x_wconf 69' lang='lat' dir='ltr'>possimus</span> <span class='ocrx_word' id='word_1_31' title='bbox 650 370 724 406; x_wconf 78' lang='lat' dir='ltr'>³Ea</span> <span class='ocrx_word' id='word_1_32' title='bbox 752 369 803 405; x_wconf 84' lang='lat' dir='ltr'>vis</span> <span class='ocrx_word' id='word_1_33' title='bbox 831 369 939 419; x_wconf 80' lang='lat' dir='ltr'>igitur</span> <span class='ocrx_word' id='word_1_34' title='bbox 965 368 1051 417; x_wconf 80' lang='lat' dir='ltr'>ipsa,</span> <span class='ocrx_word' id='word_1_35' title='bbox 1073 379 1153 417; x_wconf 80' lang='lat' dir='ltr'>quae</span> <span class='ocrx_word' id='word_1_36' title='bbox 1184 364 1448 415; x_wconf 67' lang='lat' dir='ltr'>saepe&#39;incredi-</span> 
     </span>
     <span class='ocr_line' id='line_1_5' title="bbox 102 426 1449 484; baseline -0.011 -8"><span class='ocrx_word' id='word_1_37' title='bbox 102 439 188 476; x_wconf 80' lang='lat' dir='ltr'>biles</span> <span class='ocrx_word' id='word_1_38' title='bbox 200 438 283 475; x_wconf 87' lang='lat' dir='ltr'>huic</span> <span class='ocrx_word' id='word_1_39' title='bbox 297 437 376 474; x_wconf 87' lang='lat' dir='ltr'>urbi</span> <span class='ocrx_word' id='word_1_40' title='bbox 391 435 575 472; x_wconf 75' lang='lat' dir='ltr'>felicitates</span> <span class='ocrx_word' id='word_1_41' title='bbox 589 439 696 484; x_wconf 85' lang='lat' dir='ltr'>atque</span> <span class='ocrx_word' id='word_1_42' title='bbox 716 445 802 482; x_wconf 85' lang='lat' dir='ltr'>opes</span> <span class='ocrx_word' id='word_1_43' title='bbox 822 431 948 477; x_wconf 85' lang='lat' dir='ltr'>attulit,</span> <span class='ocrx_word' id='word_1_44' title='bbox 962 430 1059 467; x_wconf 87' lang='lat' dir='ltr'>illam</span> <span class='ocrx_word' id='word_1_45' title='bbox 1075 429 1266 479; x_wconf 83' lang='lat' dir='ltr'>perniciem</span> <span class='ocrx_word' id='word_1_46' title='bbox 1284 426 1449 464; x_wconf 79' lang='lat' dir='ltr'>exstinxit</span> 
     </span>
     <span class='ocr_line' id='line_1_6' title="bbox 102 491 1449 549; baseline -0.01 -10"><span class='ocrx_word' id='word_1_47' title='bbox 102 514 144 539; x_wconf 79' lang='lat' dir='ltr'>ac</span> <span class='ocrx_word' id='word_1_48' title='bbox 171 501 323 546; x_wconf 81' lang='lat' dir='ltr'><strong>sustulit,</strong></span> <span class='ocrx_word' id='word_1_49' title='bbox 355 499 412 537; x_wconf 89' lang='lat' dir='ltr'>cui</span> <span class='ocrx_word' id='word_1_50' title='bbox 439 499 602 549; x_wconf 88' lang='lat' dir='ltr'>primum</span> <span class='ocrx_word' id='word_1_51' title='bbox 632 501 794 533; x_wconf 78' lang='lat' dir='ltr'>mentem</span> <span class='ocrx_word' id='word_1_52' title='bbox 822 494 951 545; x_wconf 79' lang='lat' dir='ltr'>injecit,</span> <span class='ocrx_word' id='word_1_53' title='bbox 984 498 1027 530; x_wconf 90' lang='lat' dir='ltr'>ut</span> <span class='ocrx_word' id='word_1_54' title='bbox 1052 493 1085 529; x_wconf 71' lang='lat' dir='ltr'>vi</span> <span class='ocrx_word' id='word_1_55' title='bbox 1113 492 1257 537; x_wconf 82' lang='lat' dir='ltr'>irritare,</span> <span class='ocrx_word' id='word_1_56' title='bbox 1286 491 1449 540; x_wconf 83' lang='lat' dir='ltr'>ferroque</span> 
     </span>
     <span class='ocr_line' id='line_1_7' title="bbox 102 552 1448 606; baseline -0.01 -5"><span class='ocrx_word' id='word_1_57' title='bbox 102 564 272 602; x_wconf 71' lang='lat' dir='ltr'>lacessere</span> <span class='ocrx_word' id='word_1_58' title='bbox 290 562 524 600; x_wconf 84' lang='lat' dir='ltr'>fortissimum</span> <span class='ocrx_word' id='word_1_59' title='bbox 543 561 658 598; x_wconf 76' lang='lat' dir='ltr'>virum</span> <span class='ocrx_word' id='word_1_60' title='bbox 678 559 838 605; x_wconf 77' lang='lat' dir='ltr'>auderet,</span> <span class='ocrx_word' id='word_1_61' title='bbox 858 558 1128 606; x_wconf 80' lang='lat' dir='ltr'>vincereturque</span> <span class='ocrx_word' id='word_1_62' title='bbox 1149 556 1195 592; x_wconf 82' lang='lat' dir='ltr'>ab</span> <span class='ocrx_word' id='word_1_63' title='bbox 1216 568 1268 600; x_wconf 88' lang='lat' dir='ltr'>eo,</span> <span class='ocrx_word' id='word_1_64' title='bbox 1289 566 1400 604; x_wconf 88' lang='lat' dir='ltr'>quem</span> <span class='ocrx_word' id='word_1_65' title='bbox 1420 552 1448 589; x_wconf 87' lang='lat' dir='ltr'>si</span> 
     </span>
     <span class='ocr_line' id='line_1_8' title="bbox 103 617 1450 673; baseline -0.007 -11"><span class='ocrx_word' id='word_1_66' title='bbox 103 627 249 670; x_wconf 68' lang='lat' dir='ltr'>vicisset,</span> <span class='ocrx_word' id='word_1_67' title='bbox 279 626 466 663; x_wconf 84' lang='lat' dir='ltr'>habiturus</span> <span class='ocrx_word' id='word_1_68' title='bbox 496 628 587 661; x_wconf 89' lang='lat' dir='ltr'>esset</span> <span class='ocrx_word' id='word_1_69' title='bbox 617 622 873 673; x_wconf 78' lang='lat' dir='ltr'>impunitatem</span> <span class='ocrx_word' id='word_1_70' title='bbox 905 626 940 657; x_wconf 86' lang='lat' dir='ltr'>et</span> <span class='ocrx_word' id='word_1_71' title='bbox 970 619 1150 656; x_wconf 78' lang='lat' dir='ltr'>licentiam</span> <span class='ocrx_word' id='word_1_72' title='bbox 1182 617 1450 667; x_wconf 80' lang='lat' dir='ltr'>sempiternam.</span> 
     </span>
     <span class='ocr_line' id='line_1_9' title="bbox 104 679 1450 730; baseline -0.008 -4"><span class='ocrx_word' id='word_1_73' title='bbox 104 693 163 726; x_wconf 88' lang='grc'>85.</span> <span class='ocrx_word' id='word_1_74' title='bbox 205 688 288 725; x_wconf 84' lang='lat' dir='ltr'>Non</span> <span class='ocrx_word' id='word_1_75' title='bbox 322 692 376 725; x_wconf 89' lang='lat' dir='ltr'>est</span> <span class='ocrx_word' id='word_1_76' title='bbox 406 687 569 723; x_wconf 86' lang='lat' dir='ltr'>humano</span> <span class='ocrx_word' id='word_1_77' title='bbox 600 685 754 730; x_wconf 87' lang='lat' dir='ltr'>consilio,</span> <span class='ocrx_word' id='word_1_78' title='bbox 793 684 861 720; x_wconf 87' lang='lat' dir='ltr'>⁴ne</span> <span class='ocrx_word' id='word_1_79' title='bbox 899 681 1068 719; x_wconf 79' lang='lat' dir='ltr'>mediocn&#39;</span> <span class='ocrx_word' id='word_1_80' title='bbox 1108 681 1266 730; x_wconf 85' lang='lat' dir='ltr'>quidem,</span> <span class='ocrx_word' id='word_1_81' title='bbox 1300 679 1450 729; x_wconf 78' lang='lat' dir='ltr'>judiceS,</span> 
     </span>
     <span class='ocr_line' id='line_1_10' title="bbox 101 742 1450 797; baseline -0.007 -9"><span class='ocrx_word' id='word_1_82' title='bbox 101 752 251 789; x_wconf 83' lang='lat' dir='ltr'>deorum</span> <span class='ocrx_word' id='word_1_83' title='bbox 267 749 527 787; x_wconf 72' lang='lat' dir='ltr'>immortalium</span> <span class='ocrx_word' id='word_1_84' title='bbox 543 761 627 786; x_wconf 82' lang='lat' dir='ltr'>cura</span> <span class='ocrx_word' id='word_1_85' title='bbox 640 761 696 784; x_wconf 84' lang='lat' dir='ltr'>res</span> <span class='ocrx_word' id='word_1_86' title='bbox 709 747 769 784; x_wconf 87' lang='lat' dir='ltr'>illa</span> <span class='ocrx_word' id='word_1_87' title='bbox 782 746 951 797; x_wconf 84' lang='lat' dir='ltr'>perfecta.</span> <span class='ocrx_word' id='word_1_88' title='bbox 999 745 1010 762; x_wconf 84' lang='lat'>⁵</span> <span class='ocrx_word' id='word_1_89' title='bbox 1021 744 1228 794; x_wconf 79' lang='lat' dir='ltr'>Religioncs</span> <span class='ocrx_word' id='word_1_90' title='bbox 1242 742 1450 779; x_wconf 85' lang='lat' dir='ltr'>mehercule</span> 
     </span>
     <span class='ocr_line' id='line_1_11' title="bbox 102 805 1450 865; baseline -0.008 -14"><span class='ocrx_word' id='word_1_91' title='bbox 102 815 198 865; x_wconf 84' lang='lat' dir='ltr'>ipsae,</span> <span class='ocrx_word' id='word_1_92' title='bbox 218 827 301 865; x_wconf 83' lang='lat' dir='ltr'>quae</span> <span class='ocrx_word' id='word_1_93' title='bbox 320 813 420 850; x_wconf 88' lang='lat' dir='ltr'>illam</span> <span class='ocrx_word' id='word_1_94' title='bbox 439 813 598 850; x_wconf 83' lang='lat' dir='ltr'>belluam</span> <span class='ocrx_word' id='word_1_95' title='bbox 619 811 748 848; x_wconf 81' lang='lat' dir='ltr'>cadere</span> <span class='ocrx_word' id='word_1_96' title='bbox 770 810 946 856; x_wconf 85' lang='lat' dir='ltr'>viderunt,</span> <span class='ocrx_word' id='word_1_97' title='bbox 964 807 1197 846; x_wconf 85' lang='lat' dir='ltr'>commovisse</span> <span class='ocrx_word' id='word_1_98' title='bbox 1216 819 1253 843; x_wconf 89' lang='lat' dir='ltr'>se</span> <span class='ocrx_word' id='word_1_99' title='bbox 1273 805 1450 851; x_wconf 82' lang='lat' dir='ltr'>videntur,</span> 
     </span>
     <span class='ocr_line' id='line_1_12' title="bbox 103 867 1450 926; baseline -0.007 -13"><span class='ocrx_word' id='word_1_100' title='bbox 103 882 139 914; x_wconf 88' lang='lat' dir='ltr'>et</span> <span class='ocrx_word' id='word_1_101' title='bbox 162 877 220 926; x_wconf 87' lang='lat' dir='ltr'>jus</span> <span class='ocrx_word' id='word_1_102' title='bbox 246 876 284 912; x_wconf 89' lang='lat' dir='ltr'>in</span> <span class='ocrx_word' id='word_1_103' title='bbox 311 875 372 912; x_wconf 88' lang='lat' dir='ltr'>illo</span> <span class='ocrx_word' id='word_1_104' title='bbox 400 888 511 912; x_wconf 87' lang='lat' dir='ltr'>suum</span> <span class='ocrx_word' id='word_1_105' title='bbox 541 873 737 911; x_wconf 79' lang='lat' dir='ltr'>retinuisse.</span> <span class='ocrx_word' id='word_1_106' title='bbox 790 872 865 909; x_wconf 89' lang='lat' dir='ltr'>Vos</span> <span class='ocrx_word' id='word_1_107' title='bbox 895 871 992 909; x_wconf 87' lang='lat' dir='ltr'>enim</span> <span class='ocrx_word' id='word_1_108' title='bbox 1020 871 1107 921; x_wconf 78' lang='lat' dir='ltr'>jam,</span> <span class='ocrx_word' id='word_1_109' title='bbox 1136 868 1292 906; x_wconf 83' lang='lat' dir='ltr'>⁶Albani</span> <span class='ocrx_word' id='word_1_110' title='bbox 1321 867 1450 904; x_wconf 89' lang='lat' dir='ltr'>tumuli</span> 
     </span>
     <span class='ocr_line' id='line_1_13' title="bbox 102 932 1451 990; baseline -0.007 -14"><span class='ocrx_word' id='word_1_111' title='bbox 102 945 213 990; x_wconf 83' lang='lat' dir='ltr'>atque</span> <span class='ocrx_word' id='word_1_112' title='bbox 240 939 322 986; x_wconf 89' lang='lat' dir='ltr'>luci,</span> <span class='ocrx_word' id='word_1_113' title='bbox 345 952 415 985; x_wconf 85' lang='lat' dir='ltr'>VOS,</span> <span class='ocrx_word' id='word_1_114' title='bbox 434 939 596 988; x_wconf 89' lang='lat' dir='ltr'>inquam,</span> <span class='ocrx_word' id='word_1_115' title='bbox 615 936 769 987; x_wconf 84' lang='lat' dir='ltr'>imploro</span> <span class='ocrx_word' id='word_1_116' title='bbox 797 941 907 986; x_wconf 86' lang='lat' dir='ltr'>atque</span> <span class='ocrx_word' id='word_1_117' title='bbox 934 939 1053 981; x_wconf 88' lang='lat' dir='ltr'>testor,</span> <span class='ocrx_word' id='word_1_118' title='bbox 1073 946 1204 983; x_wconf 83' lang='lat' dir='ltr'>vosque</span> <span class='ocrx_word' id='word_1_119' title='bbox 1224 932 1451 969; x_wconf 86' lang='lat' dir='ltr'>Albanorum</span> 
     </span>
     <span class='ocr_line' id='line_1_14' title="bbox 103 994 1451 1051; baseline -0.007 -12"><span class='ocrx_word' id='word_1_120' title='bbox 103 1003 242 1040; x_wconf 80' lang='lat' dir='ltr'>obrutae</span> <span class='ocrx_word' id='word_1_121' title='bbox 262 1015 343 1048; x_wconf 80' lang='lat' dir='ltr'>arae,</span> <span class='ocrx_word' id='word_1_122' title='bbox 363 1002 565 1039; x_wconf 79' lang='lat' dir='ltr'>⁷sacr0run1</span> <span class='ocrx_word' id='word_1_123' title='bbox 595 999 718 1051; x_wconf 83' lang='lat' dir='ltr'>populi</span> <span class='ocrx_word' id='word_1_124' title='bbox 737 999 893 1036; x_wconf 80' lang='lat' dir='ltr'>Romani</span> <span class='ocrx_word' id='word_1_125' title='bbox 912 998 1015 1035; x_wconf 82' lang='lat' dir='ltr'>sociae</span> <span class='ocrx_word' id='word_1_126' title='bbox 1036 1002 1074 1034; x_wconf 85' lang='lat' dir='ltr'>et</span> <span class='ocrx_word' id='word_1_127' title='bbox 1093 996 1257 1047; x_wconf 78' lang='lat' dir='ltr'>aequales,</span> <span class='ocrx_word' id='word_1_128' title='bbox 1277 1008 1364 1046; x_wconf 86' lang='lat' dir='ltr'>quas</span> <span class='ocrx_word' id='word_1_129' title='bbox 1383 994 1451 1040; x_wconf 87' lang='lat' dir='ltr'>ille,</span> 
     </span>
     <span class='ocr_line' id='line_1_15' title="bbox 103 1059 1453 1115; baseline -0.005 -13"><span class='ocrx_word' id='word_1_130' title='bbox 103 1077 262 1115; x_wconf 85' lang='lat' dir='ltr'>praeceps</span> <span class='ocrx_word' id='word_1_131' title='bbox 292 1064 460 1110; x_wconf 86' lang='lat' dir='ltr'>amentia,</span> <span class='ocrx_word' id='word_1_132' title='bbox 491 1063 590 1101; x_wconf 83' lang='lat' dir='ltr'>caesis</span> <span class='ocrx_word' id='word_1_133' title='bbox 619 1062 873 1113; x_wconf 80' lang='lat' dir='ltr'>prostratisque</span> <span class='ocrx_word' id='word_1_134' title='bbox 903 1060 1129 1098; x_wconf 80' lang='lat' dir='ltr'>sanctissimis</span> <span class='ocrx_word' id='word_1_135' title='bbox 1158 1059 1257 1102; x_wconf 84' lang='lat' dir='ltr'>lucis,</span> <span class='ocrx_word' id='word_1_136' title='bbox 1275 1059 1453 1095; x_wconf 85' lang='lat' dir='ltr'>substruc-</span> 
     </span>
     <span class='ocr_line' id='line_1_16' title="bbox 103 1124 1451 1175; baseline -0.006 -11"><span class='ocrx_word' id='word_1_137' title='bbox 103 1128 242 1165; x_wconf 88' lang='lat' dir='ltr'>tionum</span> <span class='ocrx_word' id='word_1_138' title='bbox 273 1127 405 1164; x_wconf 84' lang='lat' dir='ltr'>insanis</span> <span class='ocrx_word' id='word_1_139' title='bbox 437 1126 592 1164; x_wconf 90' lang='lat' dir='ltr'>molibus</span> <span class='ocrx_word' id='word_1_140' title='bbox 625 1129 868 1175; x_wconf 77' lang='lat' dir='ltr'>oppresserat3</span> <span class='ocrx_word' id='word_1_141' title='bbox 908 1124 1055 1161; x_wconf 77' lang='lat' dir='ltr'>⁶vestrae</span> <span class='ocrx_word' id='word_1_142' title='bbox 1089 1128 1178 1167; x_wconf 89' lang='lat' dir='ltr'>tum,</span> <span class='ocrx_word' id='word_1_143' title='bbox 1212 1134 1294 1168; x_wconf 80' lang='lat' dir='ltr'>arae,</span> <span class='ocrx_word' id='word_1_144' title='bbox 1326 1125 1451 1158; x_wconf 80' lang='lat' dir='ltr'>vestrae</span> 
     </span>
     <span class='ocr_line' id='line_1_17' title="bbox 103 1182 1454 1240; baseline -0.006 -13"><span class='ocrx_word' id='word_1_145' title='bbox 103 1190 289 1240; x_wconf 82' lang='lat' dir='ltr'>religiones</span> <span class='ocrx_word' id='word_1_146' title='bbox 317 1190 517 1240; x_wconf 84' lang='lat' dir='ltr'>viguerunt,</span> <span class='ocrx_word' id='word_1_147' title='bbox 537 1194 654 1226; x_wconf 83' lang='lat' dir='ltr'>vestra</span> <span class='ocrx_word' id='word_1_148' title='bbox 681 1188 731 1224; x_wconf 88' lang='lat' dir='ltr'>vis</span> <span class='ocrx_word' id='word_1_149' title='bbox 751 1187 870 1234; x_wconf 85' lang='lat' dir='ltr'>valuit,</span> <span class='ocrx_word' id='word_1_150' title='bbox 890 1200 1002 1237; x_wconf 83' lang='lat' dir='ltr'>quam</span> <span class='ocrx_word' id='word_1_151' title='bbox 1026 1186 1084 1223; x_wconf 89' lang='lat' dir='ltr'>ille</span> <span class='ocrx_word' id='word_1_152' title='bbox 1104 1185 1203 1222; x_wconf 87' lang='lat' dir='ltr'>omni</span> <span class='ocrx_word' id='word_1_153' title='bbox 1230 1182 1360 1221; x_wconf 88' lang='lat' dir='ltr'>scelere</span> <span class='ocrx_word' id='word_1_154' title='bbox 1380 1183 1454 1233; x_wconf 86' lang='lat' dir='ltr'>pol-</span> 
     </span>
     <span class='ocr_line' id='line_1_18' title="bbox 103 1246 1453 1303; baseline -0.006 -13"><span class='ocrx_word' id='word_1_155' title='bbox 103 1252 228 1299; x_wconf 84' lang='lat' dir='ltr'>luerat,</span> <span class='ocrx_word' id='word_1_156' title='bbox 247 1257 364 1303; x_wconf 89' lang='lat' dir='ltr'>tuque</span> <span class='ocrx_word' id='word_1_157' title='bbox 383 1265 428 1289; x_wconf 84' lang='lat' dir='ltr'>ex</span> <span class='ocrx_word' id='word_1_158' title='bbox 448 1256 513 1289; x_wconf 91' lang='lat' dir='ltr'>tuo</span> <span class='ocrx_word' id='word_1_159' title='bbox 533 1252 629 1289; x_wconf 84' lang='lat' dir='ltr'>edito</span> <span class='ocrx_word' id='word_1_160' title='bbox 648 1255 782 1297; x_wconf 89' lang='lat' dir='ltr'>montc,</span> <span class='ocrx_word' id='word_1_161' title='bbox 804 1250 952 1287; x_wconf 83' lang='lat' dir='ltr'>Latiaris</span> <span class='ocrx_word' id='word_1_162' title='bbox 971 1253 1092 1286; x_wconf 88' lang='lat' dir='ltr'>sancte</span> <span class='ocrx_word' id='word_1_163' title='bbox 1112 1248 1263 1298; x_wconf 82' lang='lat' dir='ltr'>Jupiter,</span> <span class='ocrx_word' id='word_1_164' title='bbox 1279 1247 1377 1297; x_wconf 84' lang='lat' dir='ltr'>cujus</span> <span class='ocrx_word' id='word_1_165' title='bbox 1396 1246 1453 1283; x_wconf 89' lang='lat' dir='ltr'>ille</span> 
     </span>
     <span class='ocr_line' id='line_1_19' title="bbox 104 1310 1454 1366; baseline -0.005 -13"><span class='ocrx_word' id='word_1_166' title='bbox 104 1315 211 1363; x_wconf 84' lang='lat' dir='ltr'>lacus,</span> <span class='ocrx_word' id='word_1_167' title='bbox 229 1329 390 1362; x_wconf 86' lang='lat' dir='ltr'>nemora,</span> <span class='ocrx_word' id='word_1_168' title='bbox 409 1315 572 1366; x_wconf 87' lang='lat' dir='ltr'>finesque</span> <span class='ocrx_word' id='word_1_169' title='bbox 598 1327 694 1365; x_wconf 81' lang='lat' dir='ltr'>saepe</span> <span class='ocrx_word' id='word_1_170' title='bbox 714 1314 814 1351; x_wconf 90' lang='lat' dir='ltr'>omni</span> <span class='ocrx_word' id='word_1_171' title='bbox 832 1313 967 1350; x_wconf 84' lang='lat' dir='ltr'>nefario</span> <span class='ocrx_word' id='word_1_172' title='bbox 985 1317 1108 1363; x_wconf 83' lang='lat' dir='ltr'>stupro</span> <span class='ocrx_word' id='word_1_173' title='bbox 1127 1316 1164 1349; x_wconf 85' lang='lat' dir='ltr'>et</span> <span class='ocrx_word' id='word_1_174' title='bbox 1181 1310 1313 1348; x_wconf 83' lang='lat' dir='ltr'>scelere</span> <span class='ocrx_word' id='word_1_175' title='bbox 1332 1322 1454 1346; x_wconf 84' lang='lat' dir='ltr'>macu-</span> 
     </span>
     <span class='ocr_line' id='line_1_20' title="bbox 104 1372 1454 1428; baseline -0.005 -12"><span class='ocrx_word' id='word_1_176' title='bbox 104 1377 202 1425; x_wconf 84' lang='lat' dir='ltr'>larat,</span> <span class='ocrx_word' id='word_1_177' title='bbox 223 1378 420 1428; x_wconf 85' lang='lat' dir='ltr'>aliquando</span> <span class='ocrx_word' id='word_1_178' title='bbox 439 1378 488 1415; x_wconf 86' lang='lat' dir='ltr'>ad</span> <span class='ocrx_word' id='word_1_179' title='bbox 513 1391 599 1415; x_wconf 90' lang='lat' dir='ltr'>eum</span> <span class='ocrx_word' id='word_1_180' title='bbox 617 1377 844 1428; x_wconf 87' lang='lat' dir='ltr'>puniendum</span> <span class='ocrx_word' id='word_1_181' title='bbox 872 1376 991 1414; x_wconf 89' lang='lat' dir='ltr'>oculos</span> <span class='ocrx_word' id='word_1_182' title='bbox 1011 1375 1202 1426; x_wconf 83' lang='lat' dir='ltr'>aperuist-i;</span> <span class='ocrx_word' id='word_1_183' title='bbox 1231 1373 1355 1411; x_wconf 67' lang='lat' dir='ltr'>²&#39;vobis</span> <span class='ocrx_word' id='word_1_184' title='bbox 1373 1372 1454 1419; x_wconf 81' lang='lat' dir='ltr'>illae,</span> 
     </span>
     <span class='ocr_line' id='line_1_21' title="bbox 106 1436 1453 1490; baseline -0.003 -13"><span class='ocrx_word' id='word_1_185' title='bbox 106 1441 204 1478; x_wconf 84' lang='lat' dir='ltr'>vobis</span> <span class='ocrx_word' id='word_1_186' title='bbox 224 1445 340 1478; x_wconf 84' lang='lat' dir='ltr'>vestro</span> <span class='ocrx_word' id='word_1_187' title='bbox 358 1440 395 1477; x_wconf 92' lang='lat' dir='ltr'>in</span> <span class='ocrx_word' id='word_1_188' title='bbox 423 1445 617 1490; x_wconf 88' lang='lat' dir='ltr'>conspectu</span> <span class='ocrx_word' id='word_1_189' title='bbox 644 1453 742 1485; x_wconf 81' lang='lat' dir='ltr'>serae,</span> <span class='ocrx_word' id='word_1_190' title='bbox 761 1440 826 1476; x_wconf 91' lang='lat' dir='ltr'>sed</span> <span class='ocrx_word' id='word_1_191' title='bbox 851 1439 956 1489; x_wconf 83' lang='lat' dir='ltr'>justae</span> <span class='ocrx_word' id='word_1_192' title='bbox 976 1443 1110 1484; x_wconf 85' lang='lat' dir='ltr'>tamen,</span> <span class='ocrx_word' id='word_1_193' title='bbox 1130 1442 1166 1474; x_wconf 85' lang='lat' dir='ltr'>et</span> <span class='ocrx_word' id='word_1_194' title='bbox 1185 1436 1316 1474; x_wconf 86' lang='lat' dir='ltr'>debitae</span> <span class='ocrx_word' id='word_1_195' title='bbox 1337 1449 1453 1486; x_wconf 83' lang='lat' dir='ltr'>poenae</span> 
     </span>
     <span class='ocr_line' id='line_1_22' title="bbox 105 1499 1454 1544; baseline -0.004 -4"><span class='ocrx_word' id='word_1_196' title='bbox 105 1503 230 1540; x_wconf 85' lang='lat' dir='ltr'>solutae</span> <span class='ocrx_word' id='word_1_197' title='bbox 249 1507 342 1539; x_wconf 86' lang='lat' dir='ltr'>sunt.</span> <span class='ocrx_word' id='word_1_198' title='bbox 398 1506 457 1539; x_wconf 88' lang='grc'>86.</span> <span class='ocrx_word' id='word_1_199' title='bbox 485 1502 564 1538; x_wconf 84' lang='lat' dir='ltr'>Nisi</span> <span class='ocrx_word' id='word_1_200' title='bbox 579 1502 667 1539; x_wconf 82' lang='lat' dir='ltr'>forte</span> <span class='ocrx_word' id='word_1_201' title='bbox 690 1503 716 1520; x_wconf 85' lang='lat'>¹⁰</span> <span class='ocrx_word' id='word_1_202' title='bbox 728 1501 798 1538; x_wconf 87' lang='lat' dir='ltr'>hoc</span> <span class='ocrx_word' id='word_1_203' title='bbox 817 1501 926 1538; x_wconf 86' lang='lat' dir='ltr'>etiam</span> <span class='ocrx_word' id='word_1_204' title='bbox 946 1514 1029 1538; x_wconf 84' lang='lat' dir='ltr'>casu</span> <span class='ocrx_word' id='word_1_205' title='bbox 1041 1500 1180 1537; x_wconf 86' lang='lat' dir='ltr'>factum</span> <span class='ocrx_word' id='word_1_206' title='bbox 1193 1512 1268 1536; x_wconf 87' lang='lat' dir='ltr'>esse</span> <span class='ocrx_word' id='word_1_207' title='bbox 1283 1499 1454 1544; x_wconf 83' lang='lat' dir='ltr'>dicemus,</span> 
     </span>
     <span class='ocr_line' id='line_1_23' title="bbox 106 1561 1455 1616; baseline -0.004 -14"><span class='ocrx_word' id='word_1_208' title='bbox 106 1571 148 1602; x_wconf 85' lang='lat' dir='ltr'>ut</span> <span class='ocrx_word' id='word_1_209' title='bbox 168 1570 251 1602; x_wconf 87' lang='lat' dir='ltr'>ante</span> <span class='ocrx_word' id='word_1_210' title='bbox 277 1565 398 1616; x_wconf 87' lang='lat' dir='ltr'>ipsum</span> <span class='ocrx_word' id='word_1_211' title='bbox 424 1565 618 1602; x_wconf 79' lang='lat' dir='ltr'>sacran&#39;um</span> <span class='ocrx_word' id='word_1_212' title='bbox 638 1564 752 1601; x_wconf 85' lang='lat' dir='ltr'>Bonae</span> <span class='ocrx_word' id='word_1_213' title='bbox 772 1564 873 1610; x_wconf 82' lang='lat' dir='ltr'>Deae,</span> <span class='ocrx_word' id='word_1_214' title='bbox 893 1564 990 1614; x_wconf 85' lang='lat' dir='ltr'>quod</span> <span class='ocrx_word' id='word_1_215' title='bbox 1018 1567 1072 1600; x_wconf 87' lang='lat' dir='ltr'>est</span> <span class='ocrx_word' id='word_1_216' title='bbox 1099 1562 1137 1599; x_wconf 90' lang='lat' dir='ltr'>in</span> <span class='ocrx_word' id='word_1_217' title='bbox 1154 1561 1266 1599; x_wconf 87' lang='lat' dir='ltr'>fundo</span> <span class='ocrx_word' id='word_1_218' title='bbox 1285 1562 1323 1597; x_wconf 91' lang='lat' dir='ltr'>T.</span> <span class='ocrx_word' id='word_1_219' title='bbox 1351 1561 1455 1598; x_wconf 81' lang='lat' dir='ltr'>Sestii</span> 
     </span>
     <span class='ocr_line' id='line_1_24' title="bbox 107 1624 1455 1678; baseline -0.004 -14"><span class='ocrx_word' id='word_1_220' title='bbox 107 1627 210 1674; x_wconf 85' lang='lat' dir='ltr'>Galli,</span> <span class='ocrx_word' id='word_1_221' title='bbox 230 1628 266 1664; x_wconf 89' lang='lat' dir='ltr'>in</span> <span class='ocrx_word' id='word_1_222' title='bbox 285 1627 408 1678; x_wconf 86' lang='lat' dir='ltr'>primis</span> <span class='ocrx_word' id='word_1_223' title='bbox 425 1627 562 1665; x_wconf 87' lang='lat' dir='ltr'>honesti</span> <span class='ocrx_word' id='word_1_224' title='bbox 593 1632 629 1664; x_wconf 89' lang='lat' dir='ltr'>et</span> <span class='ocrx_word' id='word_1_225' title='bbox 647 1627 759 1664; x_wconf 86' lang='lat' dir='ltr'>ornati</span> <span class='ocrx_word' id='word_1_226' title='bbox 785 1626 1027 1672; x_wconf 82' lang='lat' dir='ltr'>adolescentis,</span> <span class='ocrx_word' id='word_1_227' title='bbox 1046 1630 1130 1662; x_wconf 88' lang='lat' dir='ltr'>ante</span> <span class='ocrx_word' id='word_1_228' title='bbox 1149 1624 1277 1675; x_wconf 88' lang='lat' dir='ltr'>ipsam,</span> <span class='ocrx_word' id='word_1_229' title='bbox 1295 1624 1455 1674; x_wconf 84' lang='lat' dir='ltr'>inquam,</span> 
     </span>
     <span class='ocr_line' id='line_1_25' title="bbox 106 1687 1456 1740; baseline -0.004 -12"><span class='ocrx_word' id='word_1_230' title='bbox 106 1690 250 1728; x_wconf 85' lang='lat' dir='ltr'>Bonam</span> <span class='ocrx_word' id='word_1_231' title='bbox 270 1690 400 1737; x_wconf 87' lang='lat' dir='ltr'>Deam,</span> <span class='ocrx_word' id='word_1_232' title='bbox 420 1703 534 1740; x_wconf 88' lang='lat' dir='ltr'>quum</span> <span class='ocrx_word' id='word_1_233' title='bbox 565 1690 729 1740; x_wconf 85' lang='lat' dir='ltr'>proelium</span> <span class='ocrx_word' id='word_1_234' title='bbox 758 1689 1002 1735; x_wconf 85' lang='lat' dir='ltr'>commisisset,</span> <span class='ocrx_word' id='word_1_235' title='bbox 1023 1688 1183 1739; x_wconf 86' lang='lat' dir='ltr'>primum</span> <span class='ocrx_word' id='word_1_236' title='bbox 1213 1687 1303 1724; x_wconf 88' lang='lat' dir='ltr'>illud</span> <span class='ocrx_word' id='word_1_237' title='bbox 1329 1687 1456 1724; x_wconf 90' lang='lat' dir='ltr'>vulnus</span> 
     </span>
     <span class='ocr_line' id='line_1_26' title="bbox 107 1750 1456 1804; baseline -0.004 -13"><span class='ocrx_word' id='word_1_238' title='bbox 107 1753 293 1804; x_wconf 85' lang='lat' dir='ltr'>acciperet,</span> <span class='ocrx_word' id='word_1_239' title='bbox 313 1765 387 1804; x_wconf 93' lang='lat' dir='ltr'>quo</span> <span class='ocrx_word' id='word_1_240' title='bbox 407 1753 626 1790; x_wconf 76' lang='lat' dir='ltr'>teterrimam</span> <span class='ocrx_word' id='word_1_241' title='bbox 646 1757 800 1789; x_wconf 85' lang='lat' dir='ltr'>mortem</span> <span class='ocrx_word' id='word_1_242' title='bbox 819 1752 943 1799; x_wconf 85' lang='lat' dir='ltr'>obiret,</span> <span class='ocrx_word' id='word_1_243' title='bbox 965 1756 1007 1788; x_wconf 89' lang='lat' dir='ltr'>ut</span> <span class='ocrx_word' id='word_1_244' title='bbox 1025 1764 1095 1789; x_wconf 90' lang='lat' dir='ltr'>non</span> <span class='ocrx_word' id='word_1_245' title='bbox 1115 1750 1296 1788; x_wconf 87' lang='lat' dir='ltr'>absolutus</span> <span class='ocrx_word' id='word_1_246' title='bbox 1322 1750 1456 1801; x_wconf 86' lang='lat' dir='ltr'>judicio</span> 
     </span>
     <span class='ocr_line' id='line_1_27' title="bbox 106 1815 1377 1865; baseline -0.002 -13"><span class='ocrx_word' id='word_1_247' title='bbox 106 1816 167 1854; x_wconf 85' lang='lat' dir='ltr'>illo</span> <span class='ocrx_word' id='word_1_248' title='bbox 185 1815 318 1853; x_wconf 79' lang='lat' dir='ltr'>nefario</span> <span class='ocrx_word' id='word_1_249' title='bbox 337 1815 527 1862; x_wconf 81' lang='lat' dir='ltr'>videretur,</span> <span class='ocrx_word' id='word_1_250' title='bbox 545 1815 610 1853; x_wconf 88' lang='lat' dir='ltr'>sed</span> <span class='ocrx_word' id='word_1_251' title='bbox 630 1815 676 1852; x_wconf 85' lang='lat' dir='ltr'>ad</span> <span class='ocrx_word' id='word_1_252' title='bbox 696 1815 789 1853; x_wconf 85' lang='lat' dir='ltr'>hanc</span> <span class='ocrx_word' id='word_1_253' title='bbox 808 1815 986 1865; x_wconf 77' lang='lat' dir='ltr'>insignem</span> <span class='ocrx_word' id='word_1_254' title='bbox 1006 1827 1152 1865; x_wconf 83' lang='lat' dir='ltr'>poenam</span> <span class='ocrx_word' id='word_1_255' title='bbox 1172 1818 1377 1851; x_wconf 80' lang='lat' dir='ltr'>reservatus.</span> 
     </span>
    </p>

    <p class='ocr_par' dir='ltr' id='par_1_3' title="bbox 108 1874 1459 2368">
     <span class='ocr_line' id='line_1_28' title="bbox 188 1874 1457 1926; baseline -0.004 -11"><span class='ocrx_word' id='word_1_256' title='bbox 188 1878 354 1916; x_wconf 83' lang='lat' dir='ltr'>XXXII.</span> <span class='ocrx_word' id='word_1_257' title='bbox 410 1878 419 1896; x_wconf 91' lang='lat'>¹</span> <span class='ocrx_word' id='word_1_258' title='bbox 434 1877 515 1915; x_wconf 86' lang='lat' dir='ltr'>Nec</span> <span class='ocrx_word' id='word_1_259' title='bbox 533 1891 616 1915; x_wconf 84' lang='lat' dir='ltr'>vero</span> <span class='ocrx_word' id='word_1_260' title='bbox 635 1891 705 1915; x_wconf 90' lang='lat' dir='ltr'>non</span> <span class='ocrx_word' id='word_1_261' title='bbox 726 1878 856 1915; x_wconf 83' lang='lat' dir='ltr'>eadem</span> <span class='ocrx_word' id='word_1_262' title='bbox 877 1878 929 1914; x_wconf 81' lang='lat' dir='ltr'>ira</span> <span class='ocrx_word' id='word_1_263' title='bbox 949 1878 1102 1915; x_wconf 81' lang='lat' dir='ltr'>deorum</span> <span class='ocrx_word' id='word_1_264' title='bbox 1121 1876 1216 1913; x_wconf 85' lang='lat' dir='ltr'>hanc</span> <span class='ocrx_word' id='word_1_265' title='bbox 1236 1875 1310 1926; x_wconf 81' lang='lat' dir='ltr'>ejus</span> <span class='ocrx_word' id='word_1_266' title='bbox 1329 1874 1457 1911; x_wconf 80' lang='lat' dir='ltr'>satelli-</span> 
     </span>
     <span class='ocr_line' id='line_1_29' title="bbox 109 1937 1456 1991; baseline -0.004 -13"><span class='ocrx_word' id='word_1_267' title='bbox 109 1941 204 1978; x_wconf 85' lang='lat' dir='ltr'>tibus</span> <span class='ocrx_word' id='word_1_268' title='bbox 221 1940 342 1991; x_wconf 86' lang='lat' dir='ltr'>injecit</span> <span class='ocrx_word' id='word_1_269' title='bbox 360 1940 568 1988; x_wconf 83' lang='lat' dir='ltr'>amentiam,</span> <span class='ocrx_word' id='word_1_270' title='bbox 588 1945 630 1977; x_wconf 94' lang='lat' dir='ltr'>ut</span> <span class='ocrx_word' id='word_1_271' title='bbox 650 1941 725 1977; x_wconf 89' lang='lat' dir='ltr'>sine</span> <span class='ocrx_word' id='word_1_272' title='bbox 753 1940 981 1991; x_wconf 79' lang='lat' dir='ltr'>imaginibus,</span> <span class='ocrx_word' id='word_1_273' title='bbox 1000 1940 1076 1977; x_wconf 88' lang='lat' dir='ltr'>sine</span> <span class='ocrx_word' id='word_1_274' title='bbox 1096 1943 1204 1976; x_wconf 89' lang='lat' dir='ltr'>cantu</span> <span class='ocrx_word' id='word_1_275' title='bbox 1222 1943 1332 1988; x_wconf 86' lang='lat' dir='ltr'>atque</span> <span class='ocrx_word' id='word_1_276' title='bbox 1352 1937 1456 1984; x_wconf 87' lang='lat' dir='ltr'>ludis,</span> 
     </span>
     <span class='ocr_line' id='line_1_30' title="bbox 108 2000 1457 2053; baseline -0.003 -13"><span class='ocrx_word' id='word_1_277' title='bbox 108 2004 183 2041; x_wconf 87' lang='lat' dir='ltr'>sine</span> <span class='ocrx_word' id='word_1_278' title='bbox 198 2003 384 2053; x_wconf 82' lang='lat' dir='ltr'>exsequiiS,</span> <span class='ocrx_word' id='word_1_279' title='bbox 402 2003 477 2040; x_wconf 87' lang='lat' dir='ltr'>sine</span> <span class='ocrx_word' id='word_1_280' title='bbox 495 2003 673 2051; x_wconf 86' lang='lat' dir='ltr'>lamentis,</span> <span class='ocrx_word' id='word_1_281' title='bbox 692 2003 767 2041; x_wconf 84' lang='lat' dir='ltr'>sine</span> <span class='ocrx_word' id='word_1_282' title='bbox 787 2003 1064 2049; x_wconf 84' lang='lat' dir='ltr'>laudationibus,</span> <span class='ocrx_word' id='word_1_283' title='bbox 1083 2003 1157 2039; x_wconf 87' lang='lat' dir='ltr'>sine</span> <span class='ocrx_word' id='word_1_284' title='bbox 1177 2002 1312 2047; x_wconf 88' lang='lat' dir='ltr'>funere,</span> <span class='ocrx_word' id='word_1_285' title='bbox 1326 2000 1457 2038; x_wconf 82' lang='lat' dir='ltr'>oblitus</span> 
     </span>
     <span class='ocr_line' id='line_1_31' title="bbox 109 2063 1457 2117; baseline -0.001 -15"><span class='ocrx_word' id='word_1_286' title='bbox 109 2078 234 2104; x_wconf 79' lang='lat' dir='ltr'>cruore</span> <span class='ocrx_word' id='word_1_287' title='bbox 265 2070 302 2102; x_wconf 87' lang='lat' dir='ltr'>et</span> <span class='ocrx_word' id='word_1_288' title='bbox 330 2065 415 2111; x_wconf 86' lang='lat' dir='ltr'>luto,</span> <span class='ocrx_word' id='word_1_289' title='bbox 433 2065 603 2116; x_wconf 80' lang='lat' dir='ltr'>spoliatus</span> <span class='ocrx_word' id='word_1_290' title='bbox 622 2066 713 2103; x_wconf 86' lang='lat' dir='ltr'>illius</span> <span class='ocrx_word' id='word_1_291' title='bbox 731 2066 889 2117; x_wconf 81' lang='lat' dir='ltr'>supremi</span> <span class='ocrx_word' id='word_1_292' title='bbox 910 2066 981 2103; x_wconf 89' lang='lat' dir='ltr'>diei</span> <span class='ocrx_word' id='word_1_293' title='bbox 1009 2065 1226 2110; x_wconf 85' lang='lat' dir='ltr'>celebritate,</span> <span class='ocrx_word' id='word_1_294' title='bbox 1246 2063 1302 2100; x_wconf 90' lang='lat' dir='ltr'>cui</span> <span class='ocrx_word' id='word_1_295' title='bbox 1329 2063 1457 2100; x_wconf 87' lang='lat' dir='ltr'>cedere</span> 
     </span>
     <span class='ocr_line' id='line_1_32' title="bbox 109 2125 1457 2178; baseline -0.001 -14"><span class='ocrx_word' id='word_1_296' title='bbox 109 2128 218 2165; x_wconf 82' lang='lat' dir='ltr'>etiam</span> <span class='ocrx_word' id='word_1_297' title='bbox 237 2127 372 2164; x_wconf 87' lang='lat' dir='ltr'>inimici</span> <span class='ocrx_word' id='word_1_298' title='bbox 390 2127 513 2175; x_wconf 85' lang='lat' dir='ltr'>solent,</span> <span class='ocrx_word' id='word_1_299' title='bbox 528 2128 778 2166; x_wconf 83' lang='lat' dir='ltr'>ambureretur</span> <span class='ocrx_word' id='word_1_300' title='bbox 797 2129 966 2178; x_wconf 64' lang='lat' dir='ltr'>abjectus..</span> <span class='ocrx_word' id='word_1_301' title='bbox 1020 2128 1103 2165; x_wconf 91' lang='lat' dir='ltr'>Non</span> <span class='ocrx_word' id='word_1_302' title='bbox 1123 2128 1227 2164; x_wconf 77' lang='lat' dir='ltr'>fuisse</span> <span class='ocrx_word' id='word_1_303' title='bbox 1249 2126 1355 2163; x_wconf 85' lang='lat' dir='ltr'>credo</span> <span class='ocrx_word' id='word_1_304' title='bbox 1374 2125 1457 2172; x_wconf 77' lang='lat' dir='ltr'>²fas,</span> 
     </span>
     <span class='ocr_line' id='line_1_33' title="bbox 110 2188 1459 2241; baseline -0.001 -15"><span class='ocrx_word' id='word_1_305' title='bbox 110 2190 383 2227; x_wconf 84' lang='lat' dir='ltr'>clarissimorum</span> <span class='ocrx_word' id='word_1_306' title='bbox 398 2190 552 2228; x_wconf 85' lang='lat' dir='ltr'>virorum</span> <span class='ocrx_word' id='word_1_307' title='bbox 565 2191 696 2229; x_wconf 86' lang='lat' dir='ltr'>formas</span> <span class='ocrx_word' id='word_1_308' title='bbox 714 2192 763 2228; x_wconf 89' lang='lat' dir='ltr'>illi</span> <span class='ocrx_word' id='word_1_309' title='bbox 778 2192 960 2229; x_wconf 82' lang='lat' dir='ltr'>teterrimo</span> <span class='ocrx_word' id='word_1_310' title='bbox 973 2190 1157 2241; x_wconf 82' lang='lat' dir='ltr'>parricidae</span> <span class='ocrx_word' id='word_1_311' title='bbox 1173 2188 1308 2238; x_wconf 83' lang='lat' dir='ltr'>aliquid</span> <span class='ocrx_word' id='word_1_312' title='bbox 1324 2188 1459 2225; x_wconf 76' lang='lat' dir='ltr'>decoris</span> 
     </span>
     <span class='ocr_line' id='line_1_34' title="bbox 110 2250 1458 2305; baseline -0.003 -15"><span class='ocrx_word' id='word_1_313' title='bbox 110 2252 243 2298; x_wconf 84' lang='lat' dir='ltr'>afferre,</span> <span class='ocrx_word' id='word_1_314' title='bbox 262 2265 382 2303; x_wconf 87' lang='lat' dir='ltr'>neque</span> <span class='ocrx_word' id='word_1_315' title='bbox 412 2253 485 2290; x_wconf 88' lang='lat' dir='ltr'>ullo</span> <span class='ocrx_word' id='word_1_316' title='bbox 513 2253 550 2290; x_wconf 91' lang='lat' dir='ltr'>in</span> <span class='ocrx_word' id='word_1_317' title='bbox 578 2253 656 2292; x_wconf 90' lang='lat' dir='ltr'>loco</span> <span class='ocrx_word' id='word_1_318' title='bbox 684 2255 802 2305; x_wconf 87' lang='lat' dir='ltr'>potius</span> <span class='ocrx_word' id='word_1_319' title='bbox 831 2259 985 2292; x_wconf 82' lang='lat' dir='ltr'>mortem</span> <span class='ocrx_word' id='word_1_320' title='bbox 1013 2253 1087 2302; x_wconf 85' lang='lat' dir='ltr'>ejus</span> <span class='ocrx_word' id='word_1_321' title='bbox 1114 2250 1458 2301; x_wconf 69' lang='lat' dir='ltr'>lace1·aii,qiia1nin</span> 
     </span>
     <span class='ocr_line' id='line_1_35' title="bbox 110 2316 586 2368; baseline 0.004 -16"><span class='ocrx_word' id='word_1_322' title='bbox 110 2329 184 2368; x_wconf 90' lang='lat' dir='ltr'>quo</span> <span class='ocrx_word' id='word_1_323' title='bbox 203 2321 294 2353; x_wconf 85' lang='lat' dir='ltr'>esset</span> <span class='ocrx_word' id='word_1_324' title='bbox 313 2316 385 2353; x_wconf 85' lang='lat' dir='ltr'>vita</span> <span class='ocrx_word' id='word_1_325' title='bbox 403 2316 586 2354; x_wconf 84' lang='lat' dir='ltr'>damnata.</span> 
     </span>
    </p>

    <p class='ocr_par' dir='ltr' id='par_1_4' title="bbox 191 2375 1460 2430">
     <span class='ocr_line' id='line_1_36' title="bbox 191 2375 1460 2430; baseline -0.002 -14"><span class='ocrx_word' id='word_1_326' title='bbox 191 2379 251 2416; x_wconf 81' lang='grc'>87.</span> <span class='ocrx_word' id='word_1_327' title='bbox 277 2379 391 2425; x_wconf 86' lang='lat' dir='ltr'>Dura,</span> <span class='ocrx_word' id='word_1_328' title='bbox 410 2379 553 2416; x_wconf 86' lang='lat' dir='ltr'>medius</span> <span class='ocrx_word' id='word_1_329' title='bbox 572 2379 688 2427; x_wconf 89' lang='lat' dir='ltr'>fidius,</span> <span class='ocrx_word' id='word_1_330' title='bbox 710 2380 820 2418; x_wconf 78' lang='lat' dir='ltr'>³mihi</span> <span class='ocrx_word' id='word_1_331' title='bbox 835 2380 914 2430; x_wconf 85' lang='lat' dir='ltr'>jam</span> <span class='ocrx_word' id='word_1_332' title='bbox 939 2379 1082 2417; x_wconf 84' lang='lat' dir='ltr'>fortuna</span> <span class='ocrx_word' id='word_1_333' title='bbox 1100 2376 1220 2428; x_wconf 88' lang='lat' dir='ltr'>populi</span> <span class='ocrx_word' id='word_1_334' title='bbox 1249 2375 1402 2414; x_wconf 85' lang='lat' dir='ltr'>Romani</span> <span class='ocrx_word' id='word_1_335' title='bbox 1422 2379 1460 2414; x_wconf 82' lang='lat' dir='ltr'>et</span> 
     </span>
    </p>
   </div>
  </div>
 </body>
</html>
