1571 2651
96 114 169 148 136
448 123 585 148 ORATIO
614 123 686 148 PRO
714 123 744 149 Τ.
772 123 896 149 Ammo
926 124 1080 149 mnomz.

93 229 208 261 essent
235 225 416 275 petenda?
444 224 507 261 nisi
530 238 611 262 vero
630 225 765 274 gratius
795 230 899 275 putat,
929 239 1003 263 esse
1033 225 1143 272 vobis,
1163 225 1215 262 sui
1245 239 1281 263 se
1302 226 1434 277 capitis,

93 300 204 336 quam
233 288 335 324 vestri
355 288 575 324 defensorem
594 287 718 333 fuisse3
747 301 861 337 quum
882 288 1075 338 praesertim
1094 289 1130 325 in
1149 302 1192 325 ea
1212 289 1436 335 confessione,

93 349 121 385 si
142 350 233 399 grati
254 363 328 386 esse
359 349 499 395 velletis,
519 349 669 386 honores
699 356 946 399 assequeretur
973 350 1226 400 amplissimos3
1253 351 1281 387 si
1301 351 1434 387 factum

96 411 215 448 ²vobis
235 425 305 448 non
325 412 532 460 probaretur
560 410 798 460 (quamquam
820 412 879 460 qui
908 417 1047 461 poterat
1073 412 1166 448 salus
1184 425 1249 448 sua
1269 413 1434 462 cuiquam

93 485 164 509 non
197 473 338 522 probari
355 472 392 522 3),
419 473 483 508 sed
510 478 630 508 tamen
659 473 686 507 si
715 473 833 508 minus
862 474 1038 509 fortissimi
1069 474 1131 509 viri
1164 474 1274 510 virtus
1305 475 1437 511 civibus

93 540 197 584 grata
229 535 420 579 cecidisset,
454 547 588 583 niagno
618 534 740 570 animo
773 535 1015 584 constantique
1050 536 1192 572 cederet
1224 549 1267 572 ex
1299 537 1437 586 ingrata

95 597 246 634 civitate.
301 596 421 632 3Χὶιιη
450 596 536 646 quid
565 602 656 632 esset
684 596 864 645 ingratius,
888 610 999 646 quam
1027 597 1137 634 laetari
1157 603 1298 642 ceteros,
1317 598 1438 648 lugere

95 673 178 696 eum
198 659 478 709 solurn,propter
492 672 600 709 quem
621 659 727 695 ceteri
747 658 977 697 laetarentur?
1033 664 1092 696 82.
1120 660 1350 710 Quamquam
1370 661 1439 698 hoc

95 721 218 758 animo
245 735 386 771 semper
413 734 537 758 omnes
566 721 697 757 fuimus
716 721 752 757 in
780 722 903 771 patriae
925 723 1160 772 proditoribus
1187 723 1437 773 opprimendis,

95 790 144 830 ut,
165 785 335 834 quoniam
356 789 474 821 nostra
503 784 623 820 futura
650 789 743 821 esset
768 784 888 833 gloria,
909 784 1107 834 periculum
1137 799 1280 835 quoque
1300 791 1336 823 et
1353 786 1440 822 invi-

96 847 195 884 diam
215 847 394 883 ⁴nostram
425 852 640 896 putaremus
694 846 792 882 Nam
821 860 902 896 quae
932 847 1021 883 mihi
1052 847 1118 896 ipsi
1147 848 1336 884 tribuenda
1364 848 1439 884 laus

96 916 195 955 esset,
217 923 329 959 quum
356 914 494 945 tantum
521 909 557 944 in
578 909 763 945 consulatu
791 922 873 946 meo
901 922 964 959 pro
984 909 1082 946 vobis
1112 922 1154 946 ae
1182 909 1299 946 liberis
1319 910 1440 946 vestris

96 984 202 1008 ausus
230 972 424 1017 ess(›111,⁵si
453 972 500 1016 id,
521 984 634 1021 quum
663 971 826 1017 conabar,
855 971 929 1008 sine
957 971 1121 1007 maximis
1153 972 1440 1008 dimicationiluls

95 1034 184 1070 meis
216 1047 273 1070 me
304 1047 377 1070 esse
409 1046 580 1070 ausurum
612 1033 822 1070 arbitrarer?
888 1034 981 1076 Quae
1010 1033 1140 1070 mulier
1165 1034 1376 1070 sceleratum
1398 1047 1440 1070 ao

96 1097 330 1145 perniciosum
346 1096 457 1133 civem
478 1097 639 1133 occidere
660 1109 730 1133 11011
750 1097 908 1137 auderet,
923 1097 948 1131 si
966 1097 1163 1145 periculum
1185 1109 1254 1133 non
1274 1097 1439 1133 timeret?

97 1159 108 1175 ⁵
122 1159 309 1208 Proposita
332 1159 475 1203 invidia,
496 1165 621 1204 morte,
642 1171 757 1208 poena,
777 1159 836 1208 qui
858 1158 965 1195 nihilo
991 1159 1134 1208 segnius
1163 1172 1237 1195 rem
1258 1159 1439 1208 publicam

97 1221 267 1266 defendit,
288 1221 315 1256 is
344 1221 394 1256 vir
413 1234 493 1257 vere
522 1221 703 1270 putandus
722 1225 784 1256 est.
837 1221 964 1270 Populi
994 1221 1085 1269 grati
1115 1228 1175 1266 est,
1195 1221 1350 1270 praeniiis
1370 1222 1439 1257 affi-

98 1296 177 1320 cere
210 1283 302 1319 bene
334 1283 476 1319 meritos
508 1283 553 1320 de
588 1296 622 1319 re
657 1283 802 1332 publiea
833 1283 933 1327 cives,
965 1283 1025 1319 viri
1057 1283 1162 1328 fortis,
1190 1296 1233 1320 ne
1266 1283 1441 1333 supplic-iis

99 1346 249 1396 quidem
281 1346 427 1391 moveri,
460 1351 501 1382 ut
538 1346 673 1382 fortiter
709 1346 828 1382 fecisse
857 1345 1036 1394 poeniteat.
1092 1350 1150 1382 83.
1192 1346 1440 1388 Quamobrem

97 1414 257 1446 uteretur
285 1409 413 1445 eadem
449 1409 663 1445 confessione
694 1409 732 1445 T.
751 1409 902 1453 Annius,
931 1409 1026 1458 ⁷qua
1053 1408 1181 1454 Ahala,
1209 1422 1281 1458 qua
1301 1409 1441 1454 Nasica,

98 1485 171 1522 qua
191 1472 364 1522 Opimius,
385 1484 456 1521 qua
475 1471 619 1515 Marius,
641 1484 712 1521 qua
740 1477 879 1507 nosmet
899 1471 973 1520 ipsi,
994 1477 1039 1516 et,
1058 1471 1084 1507 si
1105 1476 1207 1521 grata
1226 1484 1280 1507 res
1299 1471 1443 1521 publica

98 1540 200 1581 esset,
227 1534 417 1580 laetaretur,
436 1534 464 1570 si
484 1534 632 1583 ingrata,
651 1540 773 1569 tamen
794 1534 828 1568 in
848 1534 947 1583 gravi
967 1534 1108 1570 fortuna
1127 1533 1361 1570 *conscientia
1379 1546 1443 1570 sua

99 1598 281 1634 niteretur.

178 1660 250 1696 Sed
271 1659 398 1709 ⁹hujus
426 1658 587 1695 beneficii
616 1659 782 1708 gratiam,
808 1657 959 1707 judices
978 1657 1118 1694 fortuna
1137 1657 1258 1707 populi
1278 1657 1441 1703 Romani,

99 1727 137 1759 et
155 1728 267 1758 vestra
286 1721 442 1766 solicitas,
463 1726 497 1757 et
518 1721 566 1757 dii
593 1720 812 1757 immortales
828 1720 895 1756 sibi
923 1720 1046 1756 deberi
1073 1725 1209 1769 putant.
1263 1719 1342 1756 Nec
1362 1732 1442 1757 vero

101 1785 294 1835 quisquam
315 1784 414 1820 aliter
445 1784 604 1820 arbitrari
636 1788 761 1833 potest,
784 1784 809 1800 ¹⁰
819 1783 881 1818 nisi
903 1783 962 1832 qui
992 1782 1127 1818 nullam
1147 1783 1218 1818 iim
1239 1796 1313 1820 esse
1334 1784 1442 1830 ducit,

100 1859 279 1883 numenve
307 1846 480 1887 divinum,
501 1858 609 1895 quem
640 1858 757 1894 neque
785 1844 924 1894 imperii
950 1844 1056 1880 nostri
1083 1845 1304 1894 magnitudo,
1323 1858 1441 1895 neque

101 1909 152 1945 sol
171 1908 238 1954 ille,
253 1921 319 1944 uec
340 1907 416 1944 eceli
437 1907 690 1956 signorumque
705 1912 831 1952 motus,
846 1919 911 1943 nee
928 1906 1181 1943 vicissitudines
1200 1919 1318 1943 rerum
1335 1913 1442 1957 atque

101 1971 244 2008 ordines
264 1975 418 2016 movent,
439 1983 567 2019 neque,
586 1969 623 2006 id
643 1969 741 2018 quod
763 1969 964 2005 maximum
985 1974 1046 2014 est,
1066 1969 1242 2018 majorum
1261 1969 1442 2019 sapientia,

102 2034 163 2084 qui
182 2046 290 2079 sacra,
307 2033 368 2083 qui
388 2032 618 2077 caerimonias,
631 2032 691 2081 qui
711 2032 867 2081 auspicia
886 2037 922 2068 et
935 2031 998 2081 ipsi
1013 2032 1229 2068 sanctissime
1249 2032 1442 2080 coluerunt,

103 2101 139 2133 et
158 2095 268 2139 nobis,
286 2095 358 2131 suis
377 2095 532 2144 posteris,
552 2094 794 2144 prodiderunt.

183 2157 330 2194 XXXI.
387 2161 446 2193 84.
476 2158 484 2173 ¹
496 2157 568 2202 Est,
582 2162 636 2192 est
648 2156 804 2206 profecto
822 2156 881 2191 illa
900 2156 959 2201 vis,
974 2168 1091 2205 neque
1110 2156 1147 2192 iu
1157 2156 1211 2192 his
1231 2156 1442 2205 corporibus,

104 2226 213 2270 atque
241 2221 278 2256 in
310 2220 379 2257 hac
408 2219 651 2256 imbecillitate
678 2224 797 2255 nostra
824 2219 914 2254 inest
942 2219 1126 2268 quiddam,
1147 2219 1242 2268 quod
1263 2219 1382 2268 vigeat
1409 2225 1443 2256 et

104 2283 242 2329 sentiat,
276 2288 312 2320 et
339 2296 410 2319 non
437 2283 528 2319 inest
554 2282 591 2318 in
624 2281 692 2318 hoc
724 2287 824 2317 tanto
856 2286 992 2317 naturae
1023 2286 1099 2317 tam
1131 2281 1300 2330 praeclaro
1331 2288 1444 2319 motu.

105 2345 206 2383 ²Nisi
232 2345 321 2382 forte
348 2345 478 2382 ideireo
508 2358 578 2382 non
608 2349 744 2394 putant,
775 2344 857 2394 quia
886 2356 957 2381 non
990 2349 1145 2394 apparet,
1174 2356 1239 2383 nec
1271 2343 1443 2391 cernit-urf,
