1596 2643
556 165 693 191 onA'no
722 165 746 190 1.
774 165 816 190 ΙΝ
845 165 1064 191 οΑΤΠᾸΝΑΜ.
1457 160 1479 193 9

135 269 258 308 diem?
312 269 377 306 1³A
403 281 476 319 quo
503 268 613 306 etiam
641 269 798 319 aquilam
829 269 927 306 illam
956 273 1172 318 argenteam,
1200 281 1311 318 quam
1343 269 1407 306 tibi
1439 282 1481 307 ac

135 333 204 369 tuis
230 332 397 370 omnibus
423 331 656 382 perniciosam
676 344 749 368 esse
770 332 910 369 confido
929 345 972 369 ac
995 331 1174 368 frmestam
1200 331 1368 377 futuram,
1389 331 1482 368 ¹“cui

135 394 234 432 domi
252 398 323 430 tuae
344 393 536 431 sacrarium
557 393 731 430 scelerum
759 397 903 430 tuorum
927 392 1157 430 constitutum
1183 392 1257 438 fuit,
1276 388 1392 428 sciam*
1407 405 1482 429 esse

135 456 379 507 praemissam?
435 455 525 492 1‘''Pu
544 459 584 492 ut
602 455 661 492 illa
681 468 800 492 carere
821 455 951 492 diutius
975 455 1093 505 possiS,
1113 467 1223 505 quam
1251 454 1409 491 venerari
1436 454 1483 490 ad

135 519 276 556 caedem
294 518 516 568 proficiscens
535 518 699 555 solebas?
727 531 749 555 a
768 518 866 568 cujus
895 518 1063 554 altaribus
1090 530 1186 567 saepe
1211 517 1316 553 istam
1334 516 1483 566 impiam

135 581 320 618 dexteram
339 581 387 618 ad
406 594 534 618 necem
554 581 684 618 civium
702 581 930 617 transtulisti?

214 643 263 680 X.
319 647 377 680 25.
407 643 500 680 ¹Ibis
525 644 676 680 tandem
703 643 904 693 aliquando,
925 655 997 692 quo
1024 646 1059 678 te
1083 641 1299 692 jampn'dem
1327 646 1391 677 tua
1417 641 1485 677 ista

135 706 309 756 cupiditas
329 705 498 743 effrenata
519 718 561 742 ac
579 705 708 742 furiosa
726 706 898 755 rapiebat.
953 704 1083 755 Neque
1103 705 1222 741 2enim
1241 704 1305 741 tibi
1330 704 1411 740 haec
1429 716 1484 740 res

135 768 235 806 affert
254 768 423 815 dolorem,
443 768 507 805 sed
534 768 719 818 quandam
746 767 993 805 incredibilem
1021 767 1250 817 voluptatem.
1304 767 1366 803 Ad
1390 766 1485 802 hanc

134 835 170 868 te
201 830 398 868 amentiam
430 835 557 867 natura
589 831 734 881 peperit,
764 830 926 867 voluntas
958 830 1122 876 exercuit,
1154 829 1295 867 fortuna
1326 829 1484 865 servavit.

135 892 335 944 Nunquam
361 898 403 930 tu
428 905 501 930 non
527 893 638 930 modo
665 893 788 940 otium,
808 893 871 929 sed
898 905 943 929 ne
971 892 1108 930 bellum
1128 892 1275 942 quidem
1301 891 1365 927 nisi
1390 890 1485 927 nefa-

135 956 227 992 rium
246 951 450 1006 concupisti.
505 955 562 992 ³N
566 960 664 993 actus
684 969 722 993 es
742 969 785 992 ex
804 955 959 1005 perditiS,
970 959 1078 1005 atque
1098 956 1145 992 ab
1165 955 1263 992 omni
1285 967 1356 991 non
1375 954 1486 990 modo

134 1019 283 1065 fortuna,
298 1031 422 1055 verum
442 1018 550 1056 etiam
569 1032 632 1068 spe
652 1019 836 1065 derelictis,
852 1019 1041 1055 conflatam
1059 1018 1305 1068 improborum
1324 1030 1485 1053 manum.

137 1085 196 1118 26.
224 1081 320 1118 “Hie
346 1085 387 1117 tu
414 1094 487 1130 qua
513 1080 636 1117 laetitia
663 1081 865 1130 perfruere?
930 1080 1070 1124 Quibus
1097 1080 1237 1130 gaudiis
1266 1079 1485 1116 exsultabis?

135 1143 280 1187 Quanta
306 1143 343 1179 in
368 1143 548 1193 voluptate
576 1143 813 1189 bacchabere,
833 1156 946 1193 quum
974 1143 1011 1179 in
1037 1147 1138 1179 tanto
1164 1155 1315 1179 numero
1341 1147 1485 1178 tuomm

134 1217 252 1255 neque
272 1204 395 1242 audies
410 1204 523 1241 virum
543 1205 681 1242 bonum
700 1217 924 1254 quemquam
943 1217 1060 1254 neque
1080 1204 1237 1241 videbis?
1275 1203 1363 1244 {Ad
1381 1203 1486 1253 hujus

134 1268 214 1304 vitae
234 1267 396 1304 studium
413 1266 579 1304 meditati
606 1271 690 1303 sunt
716 1267 774 1313 illi,
795 1267 856 1317 qui
883 1267 1052 1313 feruntur,
1080 1266 1219 1303 labores
1246 1266 1319 1303 tui:
1349 1266 1361 1283 ⁶
1366 1266 1486 1316 jacere

135 1330 327 1376 humi‚non
346 1329 456 1367 modo
476 1329 525 1366 ad
543 1329 784 1367 obsidendum
802 1334 974 1379 stuprum,
994 1342 1119 1366 verum
1140 1329 1249 1366 etiam
1277 1329 1326 1365 ad
1352 1328 1487 1364 facinus

135 1392 367 1438 obeundum3
404 1391 548 1441 vigilare
580 1404 652 1429 non
689 1391 805 1429 solum
841 1392 1069 1428 insidiantem
1105 1403 1231 1428 somno
1268 1390 1486 1435 maritorum,

137 1467 261 1492 verum
288 1454 399 1491 etiam
425 1454 529 1490 bonis
555 1454 758 1491 otiosorum.
812 1453 971 1500 ⁷Habes,
991 1454 1053 1491 ubi
1078 1458 1232 1490 ostentes
1258 1453 1358 1489 illam
1384 1457 1487 1489 tuam

136 1516 346 1567 praeclaram
365 1515 574 1566 patientiam
593 1516 706 1562 famis,
719 1516 865 1566 frigoris,
884 1516 1013 1565 inopiae
1032 1529 1152 1552 rerum
1171 1515 1342 1561 omnium,
1358 1515 1487 1564 quibus

138 1584 172 1616 te
205 1579 303 1616 brevi
335 1583 495 1629 tempore
529 1578 730 1615 confectum
764 1591 838 1615 esse
870 1578 1007 1614 senties.
1077 1578 1137 1614 27.
1169 1578 1325 1614 Tantum
1357 1577 1488 1627 profeci

137 1646 225 1689 tum,
246 1641 381 1692 ‘'quum
409 1646 444 1678 te
474 1654 496 1678 a
523 1641 708 1678 consulatu
727 1641 849 1691 repuli,
869 1641 933 1677 ⁹ut
951 1640 1048 1678 exsul
1076 1641 1192 1692 potius
1219 1644 1367 1688 tentare,
1377 1653 1489 1690 quam

137 1704 259 1742 consul
277 1717 404 1741 vexare
428 1717 506 1741 rem
530 1703 712 1754 publicam
740 1716 868 1754 posses,
890 1708 998 1753 atque
1017 1710 1058 1739 ut
1076 1703 1123 1750 id,
1143 1703 1241 1753 quod
1260 1707 1350 1740 esset
1369 1703 1434 1740 abs
1453 1707 1488 1740 te

137 1767 305 1804 scelerate
323 1770 540 1816 susceptum,
558 1766 782 1803 latrocinium
801 1766 918 1816 potius
932 1778 1043 1816 quam
1062 1765 1198 1803 bellum
1217 1765 1467 1802 nominaretur.

217 1830 284 1867 XI.
340 1829 397 1866 ¹N
400 1829 480 1877 unc,
498 1831 562 1866 ²ut
580 1843 603 1867 a
621 1842 691 1876 me,
711 1829 837 1866 Patres
857 1829 1052 1879 conscripti,
1072 1829 1256 1879 quandam
1284 1842 1394 1879 prope
1418 1829 1489 1878 jus-

138 1898 215 1930 tam
241 1893 365 1943 patriae
395 1893 655 1943 querimoniam
687 1893 842 1930 detester
869 1905 912 1930 ac
940 1892 1118 1942 deprecer,
1151 1891 1329 1942 percipite,
1358 1903 1489 1941 quaeso,

140 1955 335 2006 diligenter,
364 1968 445 2006 quae
474 1955 604 2002 dicam,
633 1960 670 1993 et
696 1968 740 1992 ea
766 1955 906 2006 penitus
935 1954 1061 1992 animis
1088 1954 1210 1991 vestris
1237 1953 1488 2002 mentibusque

140 2019 320 2056 mandate.
373 2018 526 2065 Etenim,
547 2018 597 2055 ³si
624 2031 770 2055 mecum
797 2018 922 2068 patria,
942 2030 1023 2067 quae
1052 2017 1141 2053 mihi
1166 2017 1239 2053 vita
1265 2028 1348 2052 mea
1375 2015 1489 2052 multo

141 2086 194 2117 cst
221 2081 340 2128 carior,
367 2081 398 2118 si
425 2087 554 2119 cuncta
581 2081 694 2128 Italia,
722 2081 750 2118 si
777 2081 892 2118 omnis
919 2093 974 2117 res
1002 2080 1146 2130 publica
1172 2080 1358 2129 loquatur:
1387 2077 1428 2097 ⁴“
1440 2077 1489 2115 M.

141 2143 241 2189 Tulli,
261 2143 348 2193 quid
367 2143 464 2194 agis?
516 2144 637 2181 ‘’Tune
657 2156 751 2190 eum,
772 2156 881 2193 quem
902 2156 975 2180 esse
995 2143 1136 2180 hostem
1157 2140 1367 2190 comperisti,-
1381 2152 1489 2190 quem

141 2206 273 2243 ducem
294 2206 376 2243 belli
394 2206 554 2244 futurum
573 2207 680 2254 vides,
700 2219 811 2257 quem
830 2202 1024 2257 exspectari
1043 2206 1294 2254 imperatorem
1312 2203 1350 2239 in
1370 2203 1488 2240 castris

141 2269 297 2306 hostium
324 2269 440 2315 sentis,
466 2274 647 2307 auctorem
675 2269 823 2315 scelen's,
851 2269 1048 2319 principem
1070 2266 1323 2317 conjurationis,
1345 2266 1490 2303 “evocav

142 2336 256 2370 torem
274 2344 455 2369 servorum
474 2337 511 2370 et
529 2332 658 2370 civium
677 2333 907 2383 perditorum,
928 2331 1020 2368 exire
1040 2330 1182 2380 patiere,
1197 2334 1237 2366 ut
1256 2330 1320 2367 abs
1339 2334 1374 2367 te
1395 2330 1406 2347 ⁷
1418 2342 1489 2366 non

142 2395 289 2432 emissus
316 2407 360 2432 ex
387 2395 487 2442 urbe,
507 2395 572 2433 sed
598 2395 778 2434 immissus
804 2395 841 2433 in
868 2395 994 2433 urbem
1024 2405 1099 2430 csse
1117 2393 1303 2430 videatur?
1357 2392 1489 2429 Nonne
