1596 2643
548 148 684 173 ORATIO
713 148 753 172 11.
782 147 823 171 IN
853 145 1070 171 CATILINAM.
1434 137 1481 171 15

137 253 259 300 Italiae,
277 265 463 303 oppressus
496 264 564 288 aere
598 252 712 288 alieno
743 250 819 297 fuit,
851 262 961 300 quem
993 262 1066 286 non
1099 248 1145 285 ad
1179 247 1247 285 hoc
1278 248 1484 285 incredibile

138 315 275 352 sceleris
293 314 409 352 foedus
429 314 624 351 adsciverit.

218 377 264 414 V.
320 380 353 413 9.
380 376 514 426 Atque,
532 382 573 412 ut
592 376 666 426 ejus
694 376 702 392 ¹
714 376 854 413 diversa
884 374 1003 411 studia
1020 372 1058 410 in
1078 372 1237 410 dissimili
1255 372 1487 421 ratione'per-

138 439 271 490 spicere
299 439 444 489 possitiS,
464 451 570 475 nemo
599 443 651 475 est
683 438 742 474 ²in
775 437 861 474 ludo
886 435 1096 486 gladiatorio
1128 435 1249 485 paullo
1277 435 1325 471 ad
1351 434 1486 470 facinus

142 503 316 549 audacior,
345 502 406 552 qui
433 515 470 539 se
498 515 569 539 non
594 502 764 547 ¹intimum
799 500 960 550 Catilime
990 512 1064 536 esse
1102 499 1276 544 fateatur3
1305 510 1414 534 nemo
1450 497 1486 533 in

139 578 246 602 scena
264 565 372 602 levior
399 570 435 602 et
462 565 619 614 nequior,
640 565 700 614 qui
728 577 765 601 se
792 577 864 600 non
884 563 1045 613 ejusdem
1063 574 1172 612 prope
1202 560 1363 598 sodalem
1382 560 1486 596 fuisse

141 633 407 664 commemoret.
462 628 606 677 ³Atque
626 628 724 664 idem
754 631 878 662 tamen
905 630 1107 675 stuprorum
1136 628 1172 660 et
1198 623 1372 660 scelerum
1393 635 1488 659 exer-

141 689 306 727 citatione
334 690 557 734 assuefactus,
575 690 704 739 frigore
722 693 760 726 et
786 689 881 726 fame
892 691 937 725 'et
963 688 1019 724 siti
1047 692 1083 724 et
1109 687 1234 736 vigiliis
1261 682 1505 736 perferendis,'

139 751 234 789 fortis
255 753 301 789 ab
319 752 392 789 istis
411 753 684 803 praedicabatur,
706 752 842 802 ⁴¹quum
862 751 1041 788 industriae
1062 750 1222 787 subsidia
1241 754 1351 799 atque
1364 748 1488 785 instru-

140 819 265 852 menta
283 815 418 852 virtutis
445 815 481 852 in
508 815 654 852 libidine
684 814 907 864 audaciaque
931 817 1234 851 consumerentur.
1293 816 1350 848 10.
1377 811 1488 847 Hunc

141 889 223 913 vero
242 876 270 912 si
288 876 399 914 secuti
421 881 523 914 erunt
543 876 616 913 5sui
637 877 805 923 comites3
833 876 861 912 si
881 889 925 913 ex
944 873 1032 912 urbe
1053 874 1198 912 exierint
1221 875 1487 924 desperatorum

140 938 328 975 hominum
347 939 510 989 flagitiosi
529 951 677 989 greges:
706 939 738 975 O
758 951 821 975 nos
840 939 975 984 beatos,
991 938 1023 974 O
1037 951 1115 974 rem
1135 937 1317 987 publicam
1336 936 1489 973 fortuna-

141 1007 227 1048 tam,
247 1001 280 1038 Ο
298 1002 509 1052 praeclaram
527 1002 675 1039 laudem
699 1002 898 1039 consulatus
926 1001 1018 1038 mei!
1072 1001 1156 1037 Non
1184 1000 1281 1037 enim
1305 1000 1382 1050 jam
1407 1003 1490 1035 sunt

140 1064 336 1102 mediocres
371 1065 581 1102 ⁸hominum
612 1065 785 1112 libidines,
818 1078 890 1102 non
927 1064 1097 1101 humanae
1132 1064 1292 1100 audaciae
1331 1075 1374 1100 ae
1404 1062 1490 1099 tole-

141 1127 285 1164 randae:
313 1128 399 1164 nihil
419 1128 577 1178 cogitant
595 1128 660 1164 nisi
680 1129 805 1174 eaedes,
826 1128 890 1164 nisi
915 1127 1090 1174 incendia,
1110 1125 1175 1163 nisi
1194 1127 1356 1176 rapinas:
1384 1125 1489 1175 patri-

141 1190 261 1226 monia
279 1203 344 1226 sua
362 1190 615 1240 profuderunt:
643 1191 802 1228 fortunas
829 1203 909 1226 suas
929 1190 1197 1240 obligaverunt:
1227 1189 1303 1225 ⁷res
1324 1201 1383 1226 eos
1398 1188 1490 1239 jam-

141 1251 290 1302 pridem,
311 1253 399 1290 fides
426 1266 540 1303 nuper
567 1254 718 1290 deficere
748 1253 876 1302 coepit:
904 1253 1037 1290 eadem
1064 1257 1189 1289 tamen
1215 1252 1285 1298 illa,
1305 1264 1388 1302 quae
1415 1255 1489 1288 erat

140 1315 177 1351 in
197 1315 428 1363 abundantia,
447 1315 557 1353 libido
576 1321 772 1366 permanet.
828 1315 956 1359 SQuod
975 1315 1004 1352 si
1022 1315 1059 1352 in
1087 1315 1168 1352 vino
1196 1319 1232 1352 et
1259 1314 1337 1352 alea
1365 1314 1490 1352 comis-

140 1377 291 1415 sationes
318 1378 443 1425 solum,
478 1383 514 1416 et
550 1383 667 1416 scorta
704 1383 913 1429 quaererent,
945 1383 1061 1415 essent
1090 1378 1139 1414 illi
1177 1378 1327 1428 quidem
1365 1378 1490 1427 despe-

141 1441 253 1487 randi,
280 1442 344 1478 sed
376 1447 499 1478 tamen
536 1447 653 1479 essent
683 1442 828 1479 ferendi.
900 1442 983 1479 Hoc
1019 1455 1102 1478 vero
1134 1441 1213 1491 quis
1249 1441 1339 1478 ferre
1371 1441 1488 1491 possit,

141 1503 269 1540 inertes
288 1503 450 1540 homines
468 1504 660 1541 fortissimis
680 1505 759 1541 viris
777 1504 941 1550 insidiari,
960 1504 1181 1540 stultissimos
1200 1504 1488 1553 prudentissimiS,

142 1566 295 1602 ebriosos
342 1566 473 1614 sobriis,
520 1567 734 1604 dormientes
781 1567 1032 1617 vigilantibus?
1112 1566 1204 1610 ‘’Qui
1252 1566 1342 1603 mihi
1388 1579 1489 1604 accu-

143 1627 267 1664 bantes
297 1628 335 1664 in
363 1628 535 1675 conviviis,
565 1629 739 1679 complexi
772 1629 937 1666 mulieres
966 1629 1176 1679 impudicas,
1207 1628 1288 1665 vino
1318 1628 1488 1679 languidi,

143 1689 169 1707 ¹⁰
179 1689 324 1726 conferti
357 1690 447 1737 cibo,
475 1691 575 1728 sertis
601 1691 765 1738 redimiti,
786 1691 978 1741 unguentis
1010 1691 1119 1736 obliti,
1148 1690 1321 1727 debilitati
1351 1691 1488 1741 stupris,

141 1757 303 1789 eluctant
328 1753 550 1790 sermonibus
576 1754 647 1790 suis
675 1754 815 1791 czedem
842 1754 1028 1799 bonorum,
1048 1758 1156 1803 atque
1188 1753 1285 1790 urbis
1312 1753 1488 1791 incendia.

144 1818 201 1852 11.
241 1815 414 1859 ²¹Quibus
443 1829 510 1866 ego
543 1817 684 1854 confido
714 1817 921 1867 impendere
953 1816 1068 1853 fatum
1096 1817 1259 1867 aliquod;
1274 1821 1310 1853 et
1341 1830 1488 1867 poenam

143 1939 220 1989 jam
252 1940 367 1990 plane,
385 1946 447 1978 aut
479 1946 572 1979 certe
605 1943 899 1993 oppropinquare.
953 1942 1051 1986 Quos
1083 1942 1111 1979 si
1141 1955 1243 1979 meus
1277 1941 1486 1988 consulatus,

139 2003 310 2052 quoniam
345 2017 470 2042 sanare
500 2017 571 2042 non
601 2010 725 2055 potest,
755 2005 941 2049 sustulerit,
969 2018 1040 2042 non
1069 2006 1176 2042 breve
1207 2005 1361 2042 1²nescio
1388 2005 1486 2054 quod

139 2070 289 2115 tempus,
309 2067 373 2104 sed
392 2067 507 2104 multa
533 2067 653 2105 secula
671 2068 877 2118 propagarit
902 2068 952 2105 rei
972 2067 1136 2118 publicae.
1190 2067 1300 2103 Nulla
1319 2070 1372 2103 est
1390 2067 1485 2103 enim

139 2128 244 2174 natio,
273 2141 384 2178 quam
410 2130 722 2179 pertimescamus3
751 2131 867 2167 nullus
894 2143 964 2177 rex,
998 2130 1060 2180 qui
1090 2130 1226 2167 bellum
1259 2128 1404 2179 populo·
1417 2129 1485 2166 Ro-

138 2203 250 2227 mano
281 2190 397 2228 facere
429 2193 546 2242 possit.
600 2192 733 2229 Omnia
764 2197 847 2229 sunt
879 2198 1024 2230 externa
1058 2192 1197 2228 1³unius
1234 2191 1361 2227 virtute
1393 2195 1484 2230 terra

138 2252 299 2302 marique
327 2257 477 2302 pacata:
505 2255 741 2292 domesticum
769 2255 906 2292 bellum
933 2259 1077 2300 manet;
1110 2254 1203 2290 intus
1231 2253 1365 2290 insidiae
1393 2259 1485 2301 sunt,

137 2314 230 2351 intus
267 2315 443 2366 inclusum
479 2317 679 2366 periculum
718 2322 791 2364 est3
828 2318 922 2354 intus
961 2322 1014 2354 est
1045 2316 1163 2353 hostis.
1217 2315 1312 2352 Cum
1349 2315 1483 2353 luxuria

137 2377 248 2423 nobis,
277 2390 360 2414 cum
388 2378 554 2425 amentia,
582 2391 666 2416 cum
693 2380 827 2417 scelere
859 2379 1071 2417 certandum
1092 2382 1153 2415 est.
1207 2377 1304 2415 Huic
1332 2391 1400 2428 ego
1424 2391 1483 2415 me
