1571 2651
469 110 606 136 01111110
635 109 708 134 PRO
736 109 766 134 vr.
793 108 917 134 Ammo
947 109 1102 135 MILONE.
1381 103 1454 137 113

190 214 255 252 IV.
292 213 406 264 Atqui
435 226 464 250 si
493 217 636 263 tempus
664 216 718 249 est
744 211 858 248 ullum
883 211 963 262 jure
982 211 1137 248 hominis
1155 212 1318 258 necandi,
1351 213 1454 262 ¹quae

114 277 229 314 multa
246 281 337 323 sunt,
359 281 454 314 certe
473 276 561 313 illud
581 280 634 312 est
652 288 723 313 non
742 275 854 312 modo
876 274 1025 324 justum,
1045 288 1171 311 verum
1201 275 1309 312 etiam
1339 289 1454 312 neccs-

113 340 260 386 sarium,
280 352 393 390 quum
412 339 446 375 vi
466 338 515 375 vis
534 338 631 375 illata
650 337 865 375 defenditur.
919 337 1159 375 ²Pudicitiam
1177 351 1287 388 quum
1308 338 1455 392 eriperet

113 402 216 439 militi
241 402 403 439 tribunus
418 401 578 438 militaris
605 401 641 437 in
670 400 827 438 exercitu
849 400 888 437 O.
907 400 1020 447 Marii,
1041 400 1263 451 propinquus
1291 401 1365 451 ejus
1392 401 1457 437 im-

113 454 291 516 peratoris,
312 464 517 501 interfectus
547 464 594 501 ab
613 477 656 501 eo
684 468 745 510 est,
765 463 821 500 cui
842 463 914 500 iim
943 464 1124 501 atterebat.
1178 463 1229 500 ⁸F
1230 477 1332 501 acere
1361 464 1457 500 enim

113 528 244 578 probus
265 527 469 565 adolescens
481 527 686 577 periculose,
701 539 811 577 quam
827 526 964 576 perpeti
984 527 1132 577 turpiter
1145 527 1281 563 maluit.
1336 527 1456 576 Atque

114 591 210 628 hunc
242 591 299 628 ille
332 603 494 627 summus
527 590 587 637 vir,
619 590 748 627 scelere
780 589 949 636 solutum,
982 589 1140 640 periculo
1171 589 1342 627 liberavit.
1400 594 1456 626 10.

114 654 313 691 Insidiator-i
332 667 424 700 vero,
445 658 480 691 et
498 653 624 690 latroni
643 666 724 704 quae
743 658 860 704 potest
890 653 1026 690 ‘¹infer1i
1054 653 1182 703 injusta
1209 666 1278 690 nex
1294 654 1306 690 Ζ
1361 653 1456 697 Quid

114 716 302 753 comitatus
334 716 452 763 nostri,
492 715 603 765 ‘’quid
635 715 746 765 gladii
779 715 928 753 volunt?
970 728 1057 765 quos
1089 715 1225 752 habere
1259 720 1354 752 certe
1386 728 1458 751 non

114 778 241 826 liceret,
260 779 288 815 si
307 779 358 815 uti
377 778 442 815 illis
461 778 557 815 nullo
577 782 682 828 pacto
701 778 831 815 liceret.
885 779 970 815 ⁶Est
988 778 1096 828 igitur
1113 777 1203 824 htec,
1218 777 1366 828 judiceS,
1387 791 1457 814 non

113 840 251 890 scripta,
278 841 342 878 sed
369 846 454 878 nata
480 841 549 888 lex,
577 854 689 891 quam
723 853 794 878 non
823 841 1023 887 didicimus,
1053 840 1264 890 accepimus
1293 840 1456 889 legimus,

113 916 237 940 verum
257 916 302 941 ex
321 908 448 940 natura
465 903 542 954 ipsa
561 903 781 953 arripuimus,
800 903 994 950 hausimus,
1015 903 1258 953 expressimus,
1278 903 1325 940 ad
1346 916 1457 952 quam

113 978 182 1002 non
203 966 308 1013 docti,
327 967 390 1003 sed
420 966 518 1012 facti3
547 979 618 1003 non
645 966 806 1012 instituti,
833 966 897 1003 sed
926 966 1054 1002 imbuti
1083 978 1224 1013 sumus3
1253 970 1302 1012 ut,
1330 965 1357 1001 si
1386 965 1458 1002 vita

113 1033 232 1066 nostra
259 1029 294 1066 in
327 1029 463 1079 aliquas
490 1029 642 1075 insidias,
670 1029 698 1066 si
725 1029 761 1066 in
789 1029 872 1076 vim,
893 1034 930 1066 et
948 1029 984 1065 in
1012 1029 1084 1066 tela
1111 1034 1172 1065 aut
1199 1029 1375 1066 latronum
1396 1033 1458 1065 aut

112 1091 338 1129 inimicorum
357 1091 545 1137 incidisset,
560 1092 676 1129 omnis
690 1092 840 1129 honesta
859 1092 949 1129 ratio
968 1097 1058 1129 esset
1078 1092 1311 1142 expediendae
1326 1092 1457 1129 salutis.

113 1154 224 1191 Silent
243 1155 339 1192 enim
358 1154 456 1205 leges
483 1154 573 1191 inter
601 1168 712 1201 arma,
732 1168 800 1192 nec
829 1155 887 1192 ⁷se
908 1155 1100 1205 exspectari
1123 1155 1263 1205 jubent,
1283 1168 1395 1205 quum
1416 1155 1457 1202 ei,

112 1217 173 1267 qui
194 1222 396 1268 exspectare
415 1217 508 1264 velit,
529 1221 611 1254 ante
630 1217 760 1268 injusta
778 1231 886 1268 poena
905 1218 1036 1255 luenda
1055 1218 1108 1264 sit,
1121 1231 1231 1268 quam
1247 1218 1342 1268 justa
1360 1231 1458 1268 repe-

112 1281 231 1318 tenda.
287 1284 346 1318 11.
372 1281 447 1317 Etsi
467 1281 721 1331 persapienter,
743 1285 779 1318 et
798 1281 1067 1331 quodammodo
1086 1281 1203 1327 tacite,
1224 1282 1286 1318 dat
1304 1281 1381 1332 ipsa
1399 1282 1457 1319 lex

111 1347 329 1393 potestatem
357 1343 583 1391 defendendi,
604 1357 685 1394 quae
705 1357 778 1381 non
806 1344 990 1382 hominem
1011 1343 1136 1391 occidi,
1165 1344 1251 1381 ⁸sed
1271 1358 1344 1382 esse
1373 1358 1456 1382 cum

112 1405 183 1442 telo
201 1405 356 1442 hominis
386 1406 574 1443 occidendi
605 1419 713 1443 causa
740 1411 860 1454 vetat3
888 1411 938 1453 ut,
960 1407 1097 1457 ‘'quum
1117 1420 1233 1454 causa,
1252 1420 1324 1445 non
1343 1408 1456 1445 telum

114 1473 340 1517 quaereretur,
360 1469 420 1519 qui
439 1469 493 1505 sui
521 1469 739 1507 defendendi
767 1483 874 1506 causa
893 1470 964 1506 telo
984 1475 1076 1507 esset
1094 1483 1186 1516 usus,
1206 1483 1277 1508 non
1306 1471 1458 1508 hominis

113 1531 299 1568 occidendi
333 1544 439 1568 causa
467 1531 634 1569 habuisse
660 1532 773 1569 telum
809 1532 1040 1582 judicaretur.
1095 1533 1320 1583 Quapropter
1355 1534 1458 1571 ¹⁰hoc

114 1599 260 1632 maneat
287 1594 322 1631 in
352 1608 466 1641 eausa,
495 1595 657 1645 judices,
685 1608 757 1633 non
778 1595 873 1631 enim
893 1596 1029 1642 dubito,
1050 1596 1136 1646 quin
1155 1598 1370 1646 probaturus
1388 1597 1457 1634 sim

113 1657 212 1694 vobis
240 1657 481 1694 defensionem
508 1671 640 1704 meam,
668 1658 696 1695 si
731 1659 769 1695 id
797 1659 1038 1705 memineritis,
1069 1660 1168 1709 quod
1198 1659 1354 1697 oblivisci
1385 1674 1457 1698 non

112 1719 266 1769 potestiS,
279 1719 520 1757 insidiatorem
540 1720 687 1758 interfici
703 1721 782 1771 jure
802 1734 914 1771 posse.

190 1782 236 1819 V.
293 1786 350 1819 12.
381 1782 571 1833 ¹Sequitur
601 1783 700 1829 illud,
733 1784 832 1834 quod
865 1796 886 1820 a
918 1783 1058 1820 Milonis
1088 1784 1237 1822 inimicis
1263 1786 1456 1835 smpissime

113 1844 252 1892 dicitur,
271 1845 421 1891 caedem,
440 1845 477 1882 in
507 1859 585 1899 qua·
598 1846 640 1883 P.
660 1846 805 1884 Clodius
833 1846 968 1883 occisus
996 1851 1057 1893 est,
1077 1852 1242 1884 senatum
1267 1848 1456 1898 judicasse,

113 1912 237 1944 contra
254 1921 332 1945 rem
363 1908 544 1960 publicam
565 1922 639 1946 esse
667 1909 810 1946 factam.
864 1909 967 1946 Illam
988 1923 1071 1947 vero
1098 1914 1241 1947 senatus
1269 1911 1361 1948 ”non
1382 1925 1453 1948 sen·

113 1970 229 2009 tentiis
255 1970 326 2008 suis
351 1971 477 2019 solum,
496 1972 561 2009 sed
589 1971 697 2008 etiam
725 1971 850 2009 studiis
877 1972 1133 2022 comprobavit.
1187 1973 1332 2017 Quoties
1361 1975 1453 2011 enim

114 2039 165 2071 est
195 2034 253 2071 illa
281 2047 389 2071 causa
416 2047 438 2071 a
464 2034 564 2071 nobis
593 2034 695 2071 ³acta
721 2034 758 2071 in
777 2036 930 2071 senatu?
959 2035 1087 2084 quibus
1108 2036 1364 2073 assensionibus
1383 2037 1453 2072 uni-

115 2096 198 2134 versi
220 2096 375 2134 ordinis?
405 2109 517 2147 quam
537 2109 604 2134 nec
630 2097 754 2144 tacitis,
773 2109 840 2134 nec
859 2097 1029 2135 occultis?
1083 2098 1239 2141 Quando
1266 2099 1360 2134 enim
1391 2099 1454 2136 fre-

113 2159 344 2209 quentissimo
371 2164 499 2196 senatu
526 2165 687 2210 quatuor,
716 2165 779 2197 aut
805 2173 990 2196 summum
1020 2161 1179 2210 quinque
1206 2166 1288 2197 sunt
1315 2161 1455 2207 inventi,

113 2222 172 2272 qui
204 2222 344 2259 Milonis
374 2235 519 2259 causam
544 2235 613 2260 non
647 2224 860 2273 probarent?
915 2224 1130 2260 ⁴Declarant
1162 2223 1267 2273 hujus
1300 2225 1454 2261 ambusti

112 2285 243 2322 tribuni
268 2285 380 2335 plebis
406 2285 475 2322 illae
503 2285 746 2323 intermortuae
776 2286 971 2332 conciones,
992 2286 1120 2336 quibus
1149 2286 1306 2335 quotidie
1334 2300 1455 2324 meam

111 2347 309 2399 potentiam
327 2348 499 2386 invidiose
518 2348 783 2396 criminabatur,
796 2362 910 2399 quum
931 2349 1072 2395 diceret,
1084 2353 1248 2386 senatum
1267 2362 1340 2387 non
1358 2351 1453 2401 quod
