1596 2643
521 127 659 152 ORA'r10
688 127 761 151 PRO
790 126 822 156 Q.
850 125 1019 151 LIGARIO.
1394 119 1442 153 65

98 232 320 283 praefecisset.
366 231 496 281 Itaque
513 230 684 280 Ligarius,
701 229 712 246 Β
723 242 838 280 quum
858 228 923 266 diu
941 241 1107 266 recusans
1125 228 1215 265 nihil
1233 230 1444 279 profecisset,

97 295 317 346 provinciam
336 293 475 343 accepit
493 293 643 339 invitus3
675 292 729 329 cui
750 292 801 329 sic
828 291 971 342 praefuit
998 291 1035 327 in
1062 304 1160 341 pace,
1180 296 1222 328 ut
1250 296 1286 328 et
1310 292 1445 328 civibus

97 363 134 396 et
161 358 264 395 sociis
293 356 498 407 gratissima
527 360 619 392 esset
649 355 725 405 ejus
759 354 944 404 integritas
977 367 1019 391 ac
1050 354 1150 391 fides.
1216 358 1249 391 3.
1278 354 1442 391 ‘’Bellum

96 421 217 458 subito
244 419 393 458 exarsit:
423 420 449 437 ¹⁰
460 419 569 469 quod,
598 419 659 469 qui
689 423 789 455 erant
816 417 854 453 in
882 417 1013 464 Africa,
1042 421 1123 454 ante
1152 417 1344 454 audierunt
1370 417 1445 467 geri

97 496 210 535 quam
248 483 374 534 parari.
440 482 522 526 Quo
559 482 694 529 audito,
733 481 863 532 partim
903 480 1138 531 11cupiditate
1176 480 1446 527 inconsiderata,

99 548 231 598 partim
251 560 347 584 caeco
366 547 526 597 quodam
548 545 687 592 timore,
710 545 735 562 ²²
745 545 864 596 primo
882 544 1014 590 salutis,
1034 548 1114 594 post
1134 544 1243 581 etiam
1262 543 1371 581 studii
1391 543 1444 579 sui

98 611 309 662 quaerebant
336 609 498 660 aliquem
528 609 682 655 ducem3
719 620 836 658 quum
865 607 1030 657 Ligarius
1060 606 1246 643 13domum
1274 612 1446 656 spectanS,

98 675 145 711 ad
176 687 259 711 suos
290 673 406 710 redire
439 672 594 722 cupienS‚
632 671 732 708 nullo
763 684 801 707 se
834 670 1010 720 implicari
1042 670 1187 720 negotio
1224 682 1347 720 passus
1386 674 1448 705 est.

96 737 244 774 Interim
269 736 295 753 ¹⁴
306 736 348 773 P.
367 735 474 772 Atius
493 735 622 781 Varus,
643 734 705 784 qui
734 738 864 784 praetor
882 733 1043 769 Africam
1068 733 1280 779 obtinuerat,
1299 732 1445 769 Uticam

98 799 216 836 venit:
250 799 297 836 ad
323 811 409 835 eum
436 797 558 834 statim
588 809 799 834 concursum
829 800 891 833 est.
944 796 1067 845 Atque
1094 795 1153 832 ille
1177 808 1247 832 non
1275 794 1445 832 mediocri

99 861 297 912 cupiditate
318 860 465 910 arripuit
491 859 695 910 imperium,
713 859 741 895 si
770 859 860 895 illud
887 858 1081 908 imperium
1110 871 1184 895 esse
1205 857 1329 908 potuit,
1350 857 1446 908 quod

99 925 146 961 ad
174 924 364 974 privatum,
385 923 542 960 elamore
560 921 800 959 multitudinis
819 921 1006 971 imperitae,
1024 920 1122 957 nullo
1141 920 1286 970 publico
1306 919 1449 957 consilio

100 986 334 1023 deferebatur.
383 988 416 1022 4.
444 985 571 1035 Itaque
591 984 765 1034 Ligarius
786 983 847 1034 qui
868 996 976 1020 omne
995 983 1066 1020 tale
1085 983 1289 1033 negotium,
1304 986 1450 1032 cuperet

99 1049 267 1099 effugere,
288 1049 477 1099 ¹⁵paulum
499 1048 656 1085 adventu
677 1047 762 1083 Vari
783 1046 998 1097 conquievit.

178 1111 224 1148 Π.
279 1111 438 1157 ¹Adhuc,
459 1111 498 1147 O.
514 1110 645 1156 Caesar,
666 1103 896 1159 Q.'Ligarius
916 1109 1015 1146 omni
1036 1109 1142 1160 culpa
1161 1113 1274 1146 vacat.
1328 1109 1451 1146 Domo

99 1179 153 1212 est
174 1187 338 1225 egressus
365 1186 437 1211 non
464 1173 577 1210 modo
604 1172 746 1209 nullum
776 1172 823 1209 ad
851 1163 998 1219 bellum,
1018 1172 1083 1208 sed
1110 1184 1155 1208 ne
1183 1172 1230 1209 ad
1257 1171 1447 1208 minimam

100 1237 252 1288 quidem
271 1237 513 1287 suspicionem
532 1235 638 1273 belli:
666 1235 808 1285 legatus
835 1235 872 1271 in
897 1248 984 1285 paee
1004 1234 1192 1284 profectus
1210 1234 1249 1271 in
1267 1234 1448 1285 provincia

100 1299 351 1350 ²pacatissima
376 1299 429 1336 ita
446 1312 484 1336 se
503 1299 621 1349 gessit,
643 1298 654 1316 ³
666 1303 707 1335 ut
727 1298 759 1335 ei
779 1311 907 1348 pacem
927 1310 1002 1335 esse
1023 1297 1220 1347 expediret.
1273 1297 1451 1335 Profectio

100 1368 196 1401 certe
216 1363 382 1400 animum
401 1367 509 1399 tuum
529 1375 602 1399 non
623 1362 732 1399 debet
751 1361 953 1399 offendere:
982 1361 1094 1397 ⁴1num
1114 1361 1226 1411 igitur
1245 1361 1450 1398 remansio?

100 1426 218 1463 Multo
236 1426 377 1472 minus3
406 1438 494 1461 nam
521 1425 691 1475 profectio
719 1424 942 1462 voluntatem
970 1424 1099 1461 habuit
1125 1437 1198 1461 non
1225 1429 1380 1474 turpem,
1399 1436 1450 1460 re-

101 1489 240 1526 mansio
268 1488 514 1525 necessitatem
545 1488 655 1525 etiam
684 1488 883 1525 honestam.
938 1488 1057 1537 ‘’E-go
1084 1487 1163 1524 haec
1191 1488 1265 1524 duo
1289 1492 1451 1538 tempora

102 1556 226 1590 carent
256 1551 431 1588 crimine:
472 1563 602 1597 unum,
637 1563 754 1601 quum
787 1554 841 1587 est
873 1550 1015 1600 legatus
1047 1550 1248 1600 profectus3
1288 1550 1451 1598 alterum,

103 1628 219 1666 quum
236 1614 453 1664 efflagitatus
472 1627 494 1651 a
512 1614 706 1664 provincia,
722 1614 933 1664 praepositus
946 1614 1078 1651 Africae
1099 1619 1160 1651 est.
1209 1619 1242 1652 5.
1268 1614 1451 1652 ‘'Tertium

102 1683 246 1729 tempus
274 1682 337 1725 est,
358 1690 432 1728 quo
461 1682 541 1728 post
569 1678 767 1715 adventum
789 1677 887 1723 Vari,
908 1678 943 1713 in
964 1677 1088 1714 Africa
1116 1677 1263 1715 restitit:
1298 1678 1395 1728 quod
1423 1678 1449 1716 si

102 1746 156 1779 est
175 1741 422 1788 criminosum,
442 1741 661 1778 necessitatis
689 1741 827 1778 crimen
855 1746 917 1788 est,
937 1754 1008 1778 non
1027 1741 1230 1779 voluntatis.
1285 1742 1359 1778 ⁷An
1383 1742 1450 1790 ille,

102 1805 130 1842 si
150 1805 324 1856 potuisset
342 1805 416 1842 ullo
434 1805 547 1842 modo
566 1805 729 1852 evadere,
750 1805 879 1851 Uticae,
901 1818 1014 1856 quam
1034 1805 1172 1852 Romae,
1192 1818 1277 1843 cum
1298 1806 1339 1843 P.
1354 1806 1451 1853 Atio,

103 1881 216 1920 quam
240 1881 325 1906 cum
355 1868 638 1906 concordissimis
666 1869 845 1916 fratribus,
865 1881 949 1905 cum
970 1868 1108 1905 aliensis
1128 1882 1212 1916 esse,
1233 1882 1344 1920 quam
1366 1882 1450 1906 cum

102 1932 175 1968 suis
193 1931 402 1969 maluisset?
457 1931 606 1975 ⁸Quum
626 1931 704 1982 ipsa
723 1931 855 1982 legatio
875 1931 981 1982 plena
1000 1931 1167 1969 desiderii
1187 1945 1229 1969 ac
1248 1932 1453 1969 sollicitudi-

103 1994 157 2031 nis
183 1994 314 2041 fuisset,
342 1998 487 2045 propter
520 1994 767 2032 incredibilem
796 1994 981 2045 quendam
1010 1994 1164 2031 fratrum
1192 2007 1364 2039 amorem,
1394 1995 1452 2031 hic

105 2069 212 2107 {equo
244 2057 366 2094 animo
398 2069 472 2095 esse
505 2057 633 2107 potuit,
665 2057 749 2094 belli
789 2057 940 2095 discidio
973 2057 1162 2094 distraetus
1200 2071 1222 2094 a
1258 2057 1451 2094 fratribus?

107 2121 140 2155 6.
181 2117 335 2154 Nullum
366 2118 480 2168 igitur
511 2119 633 2166 habes,
664 2119 795 2166 Caesar,
829 2119 950 2156 adhuc
982 2119 1019 2155 in
1052 2119 1095 2163 Q.
1128 2119 1272 2169 Ligario
1303 2119 1449 2167 sig-num

106 2180 254 2218 ”alienae
283 2193 306 2217 a
329 2185 364 2218 te
386 2181 586 2219 voluntatis.
641 2182 753 2233 Cujus
773 2195 843 2232 ego
863 2195 1020 2228 causam,
1041 2182 1296 2227 animadverte,
1318 2195 1450 2232 qureso,

107 2245 133 2262 ¹⁰
145 2257 219 2295 qua
237 2243 310 2280 fide
331 2243 548 2282 defendam:
576 2245 690 2295 prodo
717 2258 849 2282 ineam.
905 2245 974 2281 11Ο
1003 2245 1229 2281 elementiam
1259 2245 1452 2281 admirabi-

107 2306 190 2354 lem,
218 2311 328 2359 atque
356 2306 522 2343 omnium
551 2307 669 2355 laude,
698 2308 962 2358 praedicatione,
991 2308 1098 2344 literis
1136 2308 1450 2358 monumentisque

107 2369 370 2408 decorandam!
423 2369 473 2407 M.
493 2369 617 2408 Cicero
642 2371 741 2421 apud
768 2375 804 2409 te
826 2371 852 2388 ¹²
863 2371 1032 2417 defendit,
1052 2369 1165 2407 alium
1194 2369 1231 2406 in
1259 2382 1302 2407 ea
1328 2370 1452 2408 volun-
